name,ticktime,price,volume,prev_price,kind
沃施股份,15:00:35,67.41,47900,67.2,U
恒锋工具,15:00:35,100.9,43700,100.9,E
温氏股份,15:00:35,48.39,155700,48.38,E
汉威电子,15:00:26,32.49,223700,32.48,U
立思辰,15:00:26,35.35,496230,35.31,E
爱尔眼科,15:00:26,33.6,106711,33.61,E
大禹节水,15:00:26,17.65,214900,17.64,E
华谊兄弟,15:00:26,41.62,890000,41.62,E
阳普医疗,15:00:26,21.39,309300,21.38,E
赛为智能,15:00:26,28.61,310500,28.6,E
中青宝,15:00:26,33.67,353700,33.66,E
欧比特,15:00:26,44.0,244867,44.0,U
万邦达,15:00:26,23.65,299058,23.65,E
三维丝,15:00:26,21.08,253920,21.08,E
南都电源,15:00:26,19.17,318550,19.16,E
振芯科技,15:00:26,31.34,216405,31.31,E
嘉寓股份,15:00:26,13.78,261200,13.78,E
太阳鸟,15:00:26,16.48,245300,16.47,E
华策影视,15:00:26,32.95,378400,32.94,E
汤臣倍健,15:00:26,34.6,346000,34.56,U
神雾环保,15:00:26,53.3,116158,53.31,E
东方国信,15:00:26,35.74,186000,35.7,E
迪威视讯,15:00:26,21.75,199900,21.75,E
中电环保,15:00:26,17.33,271847,17.32,E
智慧松德,15:00:26,18.82,1154730,18.8,E
腾邦国际,15:00:26,33.05,648952,32.99,E
四方达,15:00:26,9.64,545300,9.63,E
佐力药业,15:00:26,11.82,267030,11.82,E
东软载波,15:00:26,27.96,141114,27.95,E
美亚柏科,15:00:26,46.17,314400,46.17,E
佳士科技,15:00:26,13.93,490270,13.93,E
铁汉生态,15:00:26,17.9,488500,17.9,E
日科化学,15:00:26,10.14,382200,10.14,E
千山药机,15:00:26,42.95,100700,42.95,E
银信科技,15:00:26,27.3,302030,27.29,E
卫宁软件,15:00:26,46.97,258300,46.97,E
仟源医药,15:00:26,32.17,141600,32.17,E
星星科技,15:00:26,27.4,152625,27.4,D
万福生科,15:00:26,31.89,178033,31.98,E
阳光电源,15:00:26,28.12,919700,28.0,E
飞利信,15:00:26,19.05,513300,19.03,E
利德曼,15:00:26,19.8,158500,19.8,E
荣科科技,15:00:26,25.4,177500,25.4,E
裕兴股份,15:00:26,30.77,98000,30.75,E
戴维医疗,15:00:26,36.8,284418,36.7,E
掌趣科技,15:00:26,15.01,1998304,15.01,E
晶盛机电,15:00:26,15.16,280000,15.15,E
博晖创新,15:00:26,24.48,139600,24.48,E
麦迪电气,15:00:26,24.27,94900,24.25,E
炬华科技,15:00:26,34.51,121200,34.5,U
汇中股份,15:00:26,38.44,185592,38.35,E
鹏翎股份,15:00:26,23.87,229448,23.87,U
鼎捷软件,15:00:26,65.49,97950,65.44,E
快乐购,15:00:26,45.18,105600,45.18,E
强力新材,15:00:26,149.35,29286,149.2,E
双杰电气,15:00:26,32.5,176300,32.5,E
田中精机,15:00:26,67.99,72100,67.99,E
迅游科技,15:00:26,109.3,133650,109.63,E
德尔股份,15:00:26,102.45,85900,102.22,E
杭州高新,15:00:26,71.52,75200,71.53,E
光力科技,15:00:26,68.78,76300,68.78,E
长  安Ｂ,15:00:23,17.1,94279,17.22,D
特锐德,15:00:23,30.14,438288,30.11,E
乐普医疗,15:00:23,39.54,97800,39.53,E
探路者,15:00:23,23.58,227500,23.56,U
吉峰农机,15:00:23,11.43,645600,11.43,E
机器人,15:00:23,73.71,330834,73.7,E
钢研高纳,15:00:23,27.48,179800,27.46,U
回天新材,15:00:23,25.5,227700,25.48,U
华力创通,15:00:23,24.75,572764,24.74,U
台基股份,15:00:23,24.68,170300,24.65,E
三五互联,15:00:23,24.0,340228,24.0,E
蓝色光标,15:00:23,15.11,1508096,15.14,E
东方财富,15:00:23,59.38,757952,59.33,E
数字政通,15:00:23,32.6,275862,32.6,E
数码视讯,15:00:23,13.38,1845000,13.37,E
高新兴,15:00:23,19.36,1196000,19.36,E
双林股份,15:00:23,27.61,165740,27.63,E
乾照光电,15:00:23,9.58,540000,9.53,E
龙源技术,15:00:23,11.41,288402,11.41,E
向日葵,15:00:23,6.45,555400,6.44,E
坚瑞消防,15:00:23,10.85,230150,10.85,E
汇川技术,15:00:23,46.88,122400,46.85,E
大富科技,15:00:23,33.7,1070688,33.7,E
宝利国际,15:00:23,8.93,993736,8.9,E
启源装备,15:00:23,26.68,458100,26.67,E
宋城演艺,15:00:23,31.0,409087,31.26,E
香雪制药,15:00:23,23.87,356000,23.87,E
世纪瑞尔,15:00:23,15.62,226097,15.61,E
昌红科技,15:00:23,22.31,616800,22.3,E
安居宝,15:00:23,18.39,297585,18.39,E
朗源股份,15:00:23,12.3,351450,12.29,U
中海达,15:00:23,19.61,195600,19.6,U
捷成股份,15:00:23,24.19,239600,24.19,U
力源信息,15:00:23,19.11,189400,19.1,U
通裕重工,15:00:23,9.2,266300,9.2,U
潜能恒信,15:00:23,44.41,229100,44.39,E
高盟新材,15:00:23,16.95,177900,16.89,E
恒顺众N,15:00:23,21.98,418200,21.97,E
鸿利光电,15:00:23,15.25,361352,15.25,E
宝莱特,15:00:23,36.85,257100,36.81,U
光线传媒,15:00:23,33.44,777600,33.5,E
隆华节能,15:00:23,22.95,643852,22.87,U
兴源环境,15:00:23,53.3,110200,53.05,U
三丰智能,15:00:23,27.6,305071,27.58,U
苏交科,15:00:23,22.95,160272,22.89,U
长方照明,15:00:23,9.45,443573,9.42,E
任子行,15:00:23,42.58,189900,42.53,U
兆日科技,15:00:23,52.99,537600,52.99,E
创意信息,15:00:23,78.0,77900,77.8,E
恒通科技,15:00:23,28.02,91600,27.98,E
国祯环保,15:00:23,36.0,136600,35.99,E
昆仑万维,15:00:23,50.03,438554,50.02,E
诚益通,15:00:23,63.0,58036,62.98,U
创业软件,15:00:23,211.88,27200,211.66,E
康拓红外,15:00:23,49.7,72500,49.64,U
赛摩电气,15:00:23,83.99,265399,83.83,E
平安银行,15:00:20,12.07,920684,12.06,E
深振业Ａ,15:00:20,11.48,410344,11.49,E
神州高铁,15:00:20,11.8,451500,11.8,E
中国宝安,15:00:20,18.19,1016672,18.19,E
南  玻Ａ,15:00:20,12.06,1259100,12.06,E
沙河股份,15:00:20,22.0,228500,21.89,E
深康佳Ａ,15:00:20,7.46,1104408,7.45,E
深中华A,15:00:20,14.85,242950,14.84,E
深科技,15:00:20,12.85,575496,12.85,E
深赤湾Ａ,15:00:20,19.78,119660,19.79,E
特  力Ａ,15:00:20,92.0,295352,92.0,E
深深房Ａ,15:00:20,13.73,324750,13.72,E
中粮地产,15:00:20,14.73,734800,14.73,E
深南电Ａ,15:00:20,12.89,298119,12.88,E
中集集团,15:00:20,20.73,243760,20.73,D
中洲控股,15:00:20,21.6,361500,21.5,E
深纺织Ａ,15:00:20,14.65,257500,14.68,D
农 产 品,15:00:20,18.32,792176,18.31,E
深圳华强,15:00:20,39.83,181450,39.82,E
中信海直,15:00:20,15.47,382776,15.44,E
TCL 集团,15:00:20,4.13,3004896,4.13,E
中成股份,15:00:20,25.35,151500,25.34,U
中联重科,15:00:20,5.45,1478504,5.43,E
常山股份,15:00:20,19.75,288700,19.75,E
潍柴动力,15:00:20,9.9,476204,9.9,U
许继电气,15:00:20,19.67,286100,19.66,E
华意压缩,15:00:20,9.88,287700,9.88,E
山东地矿,15:00:20,10.02,505060,10.0,E
沈阳机床,15:00:20,25.89,852476,25.88,E
东旭光电,15:00:20,9.61,1091404,9.61,E
东阿阿胶,15:00:20,50.43,152606,50.43,E
徐工机械,15:00:20,4.37,1527896,4.36,E
粤高速Ａ,15:00:20,6.78,456500,6.78,E
海虹控股,15:00:20,33.55,470460,33.54,E
国际医学,15:00:20,20.37,606900,20.36,E
力合股份,15:00:20,23.39,205500,23.4,E
华映科技,15:00:20,15.32,290423,15.3,E
广宇发展,15:00:20,10.9,1463900,10.88,E
皖能电力,15:00:20,9.13,982800,9.13,E
中原环保,15:00:20,19.35,146800,19.35,E
金浦钛业,15:00:20,8.71,589400,8.7,E
航天发展,15:00:20,20.61,344400,20.61,E
莱茵体育,15:00:20,27.35,919448,27.23,E
万向钱潮,15:00:20,22.67,623700,22.67,E
西安民生,15:00:20,15.75,357902,15.73,E
渝三峡Ａ,15:00:20,14.1,186150,14.1,E
苏常柴Ａ,15:00:20,11.58,558600,11.55,E
新大洲Ａ,15:00:20,8.23,562500,8.23,E
海马汽车,15:00:20,6.39,592700,6.39,E
广东甘化,15:00:20,17.9,161900,17.85,E
威孚高科,15:00:20,24.71,309542,24.7,E
北部湾港,15:00:20,21.5,235600,21.39,U
金叶珠宝,15:00:20,20.2,330200,20.19,E
平潭发展,15:00:20,21.27,425100,21.27,E
青岛双星,15:00:20,8.91,535000,8.9,E
韶能股份,15:00:20,12.54,534900,12.53,E
华媒控股,15:00:20,15.16,424900,15.16,E
焦作万方,15:00:20,7.5,563300,7.48,U
海航投资,15:00:20,8.2,814400,8.19,U
吉林敖东,15:00:20,30.5,377380,30.49,E
高新发展,15:00:20,16.9,210001,16.9,E
铜陵有色,15:00:20,3.81,4328416,3.81,E
合金投资,15:00:20,16.4,218400,16.33,E
仁和药业,15:00:20,10.71,486400,10.71,E
格力电器,15:00:20,21.13,841808,21.13,E
美好集团,15:00:20,5.07,1964304,5.07,E
阳 光 城,15:00:20,9.99,1422256,9.99,E
智度投资,15:00:20,35.9,301500,35.9,E
东方电子,15:00:20,6.67,421304,6.67,E
远兴能源,15:00:20,5.44,509882,5.44,U
中山公用,15:00:20,14.32,900650,14.31,U
东北证券,15:00:20,17.79,1079104,17.78,E
建新矿业,15:00:20,10.9,734486,10.89,E
宝新能源,15:00:20,10.37,295800,10.36,E
亚太实业,15:00:20,12.28,1009400,12.28,E
华泽钴镍,15:00:20,21.23,682744,21.23,E
沈阳化工,15:00:20,7.89,624100,7.89,E
双环科技,15:00:20,8.7,1330900,8.7,E
黑芝麻,15:00:20,15.14,231724,15.14,E
新能泰山,15:00:20,9.73,574800,9.73,E
西安饮食,15:00:20,9.28,924152,9.28,E
湖南发展,15:00:20,20.29,184100,20.29,U
美锦能源,15:00:20,12.22,551400,12.22,E
京东方Ａ,15:00:20,3.04,3829184,3.03,E
鲁  泰Ａ,15:00:20,14.31,346800,14.31,E
罗 牛 山,15:00:20,7.95,733752,7.96,E
中航动控,15:00:20,33.14,278532,33.1,E
漳州发展,15:00:20,6.47,557208,6.46,E
山西三维,15:00:20,10.36,434100,10.36,E
新华制药,15:00:20,12.67,172000,12.67,E
中色股份,15:00:20,15.74,460166,15.75,E
中百集团,15:00:20,8.5,497102,8.46,E
斯太尔,15:00:20,20.81,621800,20.8,E
本钢板材,15:00:20,6.5,842872,6.5,E
西藏矿业,15:00:20,27.85,963076,27.85,E
通化金马,15:00:20,17.88,261400,17.88,E
中航飞机,15:00:20,24.96,452464,24.94,E
中核科技,15:00:20,34.04,344860,34.03,E
北新建材,15:00:20,12.0,435636,11.99,E
万年青,15:00:20,8.8,1018900,8.8,E
盐湖股份,15:00:20,24.01,354100,23.97,E
太原刚玉,15:00:20,13.93,596250,13.93,E
中国武夷,15:00:20,23.17,147000,23.17,E
陕西金叶,15:00:20,13.34,311300,13.33,E
京山轻机,15:00:20,15.91,294300,15.9,E
山东海化,15:00:20,7.23,311100,7.23,U
启迪桑德,15:00:20,39.85,199000,39.8,U
五矿稀土,15:00:20,21.57,595308,21.57,E
秦川机床,15:00:20,14.98,207875,14.98,E
承德露露,15:00:20,16.71,379800,16.7,E
华茂股份,15:00:20,8.9,352128,8.9,E
冀东装备,15:00:20,15.21,201150,15.21,E
五 粮 液,15:00:20,25.54,510292,25.54,E
海印股份,15:00:20,8.51,981760,8.5,E
三湘股份,15:00:20,12.38,309708,12.38,E
安凯客车,15:00:20,9.58,346240,9.58,E
吉电股份,15:00:20,9.63,631132,9.62,E
云南铜业,15:00:20,14.25,2167760,14.25,E
大连国际,15:00:20,17.51,149300,17.51,D
华联股份,15:00:20,5.8,2582352,5.82,E
同力水泥,15:00:20,14.97,100500,14.97,E
中鼎股份,15:00:20,23.58,414714,23.57,E
津滨发展,15:00:20,5.49,632400,5.49,E
鞍钢股份,15:00:20,4.83,863100,4.83,U
赣能股份,15:00:20,11.3,146000,11.3,D
现代投资,15:00:20,8.33,353900,8.32,E
电广传媒,15:00:20,28.35,769200,28.32,E
海信科龙,15:00:20,10.0,344900,9.99,E
佳电股份,15:00:20,13.53,206700,13.53,E
河北宣工,15:00:20,17.85,273013,17.83,E
福星股份,15:00:20,15.69,586100,15.69,E
中粮生化,15:00:20,15.74,961200,15.74,E
中 关 村,15:00:20,12.68,617398,12.68,E
四川双马,15:00:20,8.14,329832,8.13,E
紫光股份,15:00:20,102.8,288052,102.8,E
凯迪生态,15:00:20,13.75,303900,13.75,E
新乡化纤,15:00:20,5.2,418300,5.2,E
东方能源,15:00:20,23.92,186800,23.92,E
东方钽业,15:00:20,14.6,980900,14.62,E
佛塑科技,15:00:20,13.0,1466304,12.99,E
银泰资源,15:00:20,14.06,428014,14.03,E
中弘股份,15:00:20,4.19,5019312,4.18,E
闽东电力,15:00:20,10.55,247200,10.52,U
中国中期,15:00:20,29.15,367600,29.14,E
隆平高科,15:00:20,20.36,319900,20.36,E
新 和 成,15:00:20,16.6,163408,16.6,E
鸿达兴业,15:00:20,26.46,284300,26.46,E
华邦健康,15:00:20,15.41,930496,15.41,E
永新股份,15:00:20,20.97,334100,20.97,D
东信和平,15:00:20,18.98,254760,18.98,E
科华生物,15:00:20,29.41,553700,29.37,E
海特高新,15:00:20,19.04,170750,19.02,E
苏宁云商,15:00:20,14.08,2865696,14.08,E
航天电器,15:00:20,26.68,198050,26.67,U
山东威达,15:00:20,15.75,435188,15.75,E
双鹭药业,15:00:20,33.96,545950,33.96,D
黔源电力,15:00:20,19.55,149300,19.55,E
登海种业,15:00:20,16.6,176500,16.59,E
国光电器,15:00:20,21.0,319800,20.98,U
三花股份,15:00:20,9.86,421464,9.84,E
同洲电子,15:00:20,13.05,503100,13.04,E
德美化工,15:00:20,13.48,295400,13.47,E
江山化工,15:00:20,8.84,856120,8.83,E
宏润建设,15:00:20,10.14,225952,10.14,E
远光软件,15:00:20,24.05,435000,24.04,E
华峰氨纶,15:00:20,6.65,395700,6.64,E
东华软件,15:00:20,25.17,1213400,25.17,E
景兴纸业,15:00:20,9.82,1260600,9.81,E
众和股份,15:00:20,30.26,3479960,30.15,E
凯瑞德,15:00:20,26.45,163600,26.45,E
软控股份,15:00:20,17.04,325400,17.04,U
国轩高科,15:00:20,37.15,201601,37.14,U
雪 莱 特,15:00:20,17.09,238900,17.07,E
中材科技,15:00:20,25.52,204200,25.51,U
金 螳 螂,15:00:20,19.3,627400,19.29,E
孚日股份,15:00:20,8.26,736252,8.25,E
海鸥卫浴,15:00:20,13.27,385950,13.26,E
中泰化学,15:00:20,9.74,791412,9.74,E
国脉科技,15:00:20,14.49,544484,14.48,E
生 意 宝,15:00:20,83.58,188640,83.57,E
南岭民爆,15:00:20,24.24,128200,24.23,U
山河智能,15:00:20,10.36,345450,10.37,E
海翔药业,15:00:20,20.59,196750,20.58,E
恒宝股份,15:00:20,25.4,867912,25.39,E
信隆实业,15:00:20,11.71,272800,11.71,E
沧州明珠,15:00:20,17.73,347548,17.73,E
罗平锌电,15:00:20,21.54,295000,21.53,E
中国海诚,15:00:20,18.55,118179,18.55,E
东港股份,15:00:20,45.69,145099,45.69,D
康强电子,15:00:20,21.84,200800,21.84,E
荣信股份,15:00:20,22.2,385400,22.19,E
银轮股份,15:00:20,20.6,318500,20.6,U
露天煤业,15:00:20,9.27,463000,9.25,E
沃尔核材,15:00:20,23.9,580324,23.9,E
广宇集团,15:00:20,10.25,514500,10.25,E
东南网架,15:00:20,12.61,331100,12.63,E
拓邦股份,15:00:20,25.1,181630,25.1,E
东华科技,15:00:20,20.63,161700,20.62,E
宏达高科,15:00:20,29.91,205228,29.9,E
荣盛发展,15:00:20,10.8,533000,10.8,E
北斗星通,15:00:20,51.83,94895,51.83,D
报 喜 鸟,15:00:20,7.49,837852,7.49,E
三特索道,15:00:20,29.3,101500,29.37,E
常铝股份,15:00:20,12.65,423800,12.63,U
悦心健康,15:00:20,14.82,250000,14.82,E
深圳惠程,15:00:20,11.87,543000,11.87,E
芭田股份,15:00:20,13.68,1106800,13.68,E
御银股份,15:00:20,11.16,934600,11.15,E
云海金属,15:00:20,17.6,453096,17.53,E
全 聚 德,15:00:20,22.97,114400,22.98,E
成飞集成,15:00:20,40.84,207644,40.84,U
山东如意,15:00:20,19.5,203300,19.42,E
方正电机,15:00:20,31.8,137100,31.79,E
证通电子,15:00:20,28.22,588808,28.21,E
嘉应制药,15:00:20,10.98,631754,10.95,E
东晶电子,15:00:20,17.5,316200,17.43,U
海亮股份,15:00:20,11.65,518000,11.65,E
飞马国际,15:00:20,23.45,367662,23.44,E
宏达新材,15:00:20,12.19,460100,12.08,U
南洋股份,15:00:20,13.44,368650,13.43,E
三全食品,15:00:20,11.5,176000,11.49,E
东华能源,15:00:20,26.31,154600,26.3,U
鱼跃医疗,15:00:20,40.4,133700,40.38,E
江南化工,15:00:20,9.26,377300,9.25,E
奥 特 迅,15:00:20,43.92,294300,43.92,U
科大讯飞,15:00:20,37.37,356264,37.37,U
塔牌集团,15:00:20,14.55,469300,14.55,D
恒邦股份,15:00:20,10.21,405300,10.2,E
天威视讯,15:00:20,23.1,132040,23.1,E
九阳股份,15:00:20,22.09,368200,22.09,E
滨江集团,15:00:20,8.57,756800,8.57,D
大洋电机,15:00:20,12.98,409106,12.97,E
上海莱士,15:00:20,40.1,109850,40.1,E
升达林业,15:00:20,9.33,220200,9.32,U
拓维信息,15:00:20,41.31,253018,41.31,E
陕天然气,15:00:20,12.67,249066,12.65,U
东方雨虹,15:00:20,21.22,296200,21.21,E
华昌化工,15:00:20,13.99,916600,13.99,U
友阿股份,15:00:20,13.98,332000,13.98,E
久其软件,15:00:20,77.5,136461,77.48,E
联络互动,15:00:20,59.65,424250,59.65,E
光迅科技,15:00:20,68.44,168235,68.44,D
天润曲轴,15:00:20,22.42,213720,22.42,D
世联行,15:00:20,17.61,327700,17.63,E
罗莱家纺,15:00:20,19.4,308900,19.39,E
精艺股份,15:00:20,20.45,379659,20.45,E
辉煌科技,15:00:20,20.88,220464,20.88,E
齐心集团,15:00:20,24.22,239757,24.22,E
美盈森,15:00:20,14.32,557800,14.31,E
南国置业,15:00:20,6.45,321100,6.44,U
北新路桥,15:00:20,11.51,282900,11.51,E
海大集团,15:00:20,14.28,193000,14.28,U
乐通股份,15:00:20,23.32,702600,23.31,E
华英农业,15:00:20,12.29,415000,12.29,U
永太科技,15:00:20,23.51,505532,23.51,E
英威腾,15:00:20,11.45,369700,11.44,E
赛象科技,15:00:20,10.57,490500,10.57,E
巨力索具,15:00:20,7.51,369700,7.51,E
禾欣股份,15:00:20,77.01,315900,77.0,E
海宁皮城,15:00:20,17.17,459900,17.14,E
杰瑞股份,15:00:20,25.57,356968,25.56,E
天神娱乐,15:00:20,117.5,87300,117.36,E
浩宁达,15:00:20,28.64,104200,28.64,D
富临运业,15:00:20,16.71,177800,16.7,U
齐星铁塔,15:00:20,32.52,204300,32.52,E
神剑股份,15:00:20,17.94,153600,17.94,E
汉王科技,15:00:20,33.58,874400,33.58,E
中恒电气,15:00:20,30.82,251600,30.81,E
康力电梯,15:00:20,17.19,202050,17.18,E
亚太药业,15:00:20,34.62,330700,34.65,E
亚厦股份,15:00:20,16.24,510652,16.21,E
国创高新,15:00:20,9.85,367100,9.81,E
双箭股份,15:00:20,18.35,180000,18.34,E
大北农,15:00:20,12.36,586796,12.35,E
黑牛食品,15:00:20,19.42,278588,19.42,E
信邦制药,15:00:20,14.94,502400,14.91,E
北京利尔,15:00:20,8.2,642300,8.2,E
梦洁家纺,15:00:20,9.84,229720,9.84,E
四维图新,15:00:20,44.56,871904,44.54,E
多氟多,15:00:20,71.88,417136,71.76,E
广联达,15:00:20,19.3,354000,19.28,E
海康威视,15:00:20,34.65,294400,34.65,E
达实智能,15:00:20,23.31,341300,23.3,E
科伦药业,15:00:20,18.35,202600,18.28,U
贵州百灵,15:00:20,26.85,247994,26.85,U
云南锗业,15:00:20,19.9,635784,19.9,E
兆驰股份,15:00:20,13.79,993352,13.78,U
九安医疗,15:00:20,27.17,280494,27.16,E
太安堂,15:00:20,15.03,275200,15.02,E
兴森科技,15:00:20,21.09,274700,21.05,E
江苏神通,15:00:20,26.85,301100,26.86,E
启明星辰,15:00:20,34.8,313800,34.8,E
闰土股份,15:00:20,18.98,202900,18.98,U
盛路通信,15:00:20,35.42,606318,35.41,E
赣锋锂业,15:00:20,60.99,510116,60.99,E
沪电股份,15:00:20,6.85,586700,6.84,E
海格通信,15:00:20,17.52,853900,17.52,E
中超控股,15:00:20,10.75,1262856,10.74,E
榕基软件,15:00:20,25.22,567300,25.19,E
立讯精密,15:00:20,34.02,159200,34.02,E
雏鹰农牧,15:00:20,17.54,535600,17.53,E
富春环保,15:00:20,14.61,293100,14.61,E
嘉麟杰,15:00:20,6.78,617000,6.77,E
浙江永强,15:00:20,12.22,1762736,12.21,E
山东墨龙,15:00:20,10.3,261558,10.3,E
佳隆股份,15:00:20,7.45,627704,7.44,E
汉缆股份,15:00:20,8.06,1226896,8.06,E
科林环保,15:00:20,26.23,268320,26.23,E
大康牧业,15:00:20,7.52,408500,7.52,E
光正集团,15:00:20,9.51,379206,9.51,U
山东矿机,15:00:20,10.69,369500,10.68,U
新时达,15:00:20,22.97,139300,22.97,U
英飞拓,15:00:20,13.72,306300,13.72,E
天顺风能,15:00:20,14.09,245300,14.08,E
新界泵业,15:00:20,15.46,143600,15.45,U
金杯电工,15:00:20,9.69,556700,9.66,E
林州重机,15:00:20,12.42,321194,12.4,E
西泵股份,15:00:20,77.51,203000,77.55,E
新都化工,15:00:20,16.05,332948,16.03,E
亚太科技,15:00:20,10.18,623422,10.21,E
鸿路钢构,15:00:20,20.79,135300,20.82,D
中化岩土,15:00:20,13.99,282987,13.99,E
金新农,15:00:20,18.74,457300,18.67,E
凯美特气,15:00:20,13.32,261350,13.32,E
千红制药,15:00:20,22.8,367600,22.81,E
宝鼎重工,15:00:20,17.0,172300,16.99,U
南方轴承,15:00:20,13.42,223200,13.41,E
顺荣三七,15:00:20,54.91,262700,54.91,E
辉隆股份,15:00:20,21.48,504800,21.47,E
世纪游轮,15:00:20,213.01,259371,213.02,E
亚威股份,15:00:20,16.6,241400,16.6,U
天沃科技,15:00:20,11.58,547212,11.56,E
上海绿新,15:00:20,12.62,484800,12.62,E
贝因美,15:00:20,14.79,345800,14.78,E
清新环境,15:00:20,22.69,295200,22.68,E
海能达,15:00:20,12.97,940880,12.97,E
万安科技,15:00:20,23.29,291700,23.29,E
日上集团,15:00:20,32.5,91500,32.5,U
比亚迪,15:00:20,63.8,298200,63.8,E
海南瑞泽,15:00:20,44.8,157400,44.9,D
江粉磁材,15:00:20,11.9,1547096,11.89,E
佰利联,15:00:20,39.9,203635,39.68,E
以岭药业,15:00:20,18.46,232100,18.43,U
龙力生物,15:00:20,15.4,1074704,15.39,E
大连电瓷,15:00:20,17.95,486800,17.93,E
捷顺科技,15:00:20,22.3,527300,22.31,D
爱康科技,15:00:20,12.47,260000,12.46,E
朗姿股份,15:00:20,64.0,139300,64.01,E
亚玛顿,15:00:20,52.8,480700,52.75,E
龙生股份,15:00:20,53.95,216100,53.94,E
佛慈制药,15:00:20,17.12,323800,17.12,E
海思科,15:00:20,22.32,89533,22.35,E
中科金财,15:00:20,91.15,212804,91.0,E
雪迪龙,15:00:20,26.7,187500,26.7,E
普邦园林,15:00:20,8.14,296600,8.13,U
首航节能,15:00:20,30.86,450200,30.99,U
德联集团,15:00:20,12.11,281506,12.11,E
奥马电器,15:00:20,102.6,86710,102.67,E
东江环保,15:00:20,19.88,297900,19.88,E
浙江美大,15:00:20,20.27,80150,20.27,E
奋达科技,15:00:20,42.3,342843,42.27,E
猛狮科技,15:00:20,30.04,155500,30.06,D
华东重机,15:00:20,10.92,240780,10.92,E
亿利达,15:00:20,18.05,211900,18.03,E
博林特,15:00:20,12.12,582200,12.12,E
远程电缆,15:00:20,20.02,127415,19.98,U
红旗连锁,15:00:20,8.07,608488,8.07,E
博实股份,15:00:20,30.76,164870,30.75,E
海欣食品,15:00:20,29.33,536600,29.33,E
浙江世宝,15:00:20,38.7,102500,38.92,D
光洋股份,15:00:20,17.07,320050,17.05,E
龙大肉食,15:00:20,16.0,174900,16.0,E
一心堂,15:00:20,61.2,78000,61.01,E
燕塘乳业,15:00:20,37.77,104200,37.71,U
利民股份,15:00:20,37.36,275774,36.48,U
国信证券,15:00:20,20.08,585444,20.07,E
世龙实业,15:00:20,39.54,83100,39.58,D
N兴股份,15:00:20,36.34,96800,36.34,U
华通医药,15:00:20,107.6,33360,107.6,E
天际股份,15:00:20,47.68,77840,47.68,U
多喜爱,15:00:20,52.99,216950,52.97,E
汇洁股份,15:00:20,49.99,147400,49.76,E
索菱股份,15:00:20,48.5,192500,48.4,E
众兴菌业,15:00:20,51.5,147500,51.5,E
深深宝Ａ,15:00:17,18.21,422714,18.19,U
深圳能源,15:00:17,10.25,494900,10.25,U
中航地产,15:00:17,12.93,602550,12.93,E
中金岭南,15:00:17,15.61,1929088,15.61,E
烽火电子,15:00:17,11.42,305200,11.42,E
兴蓉环境,15:00:17,7.32,930772,7.32,U
河北钢铁,15:00:17,3.45,3178688,3.44,E
美达股份,15:00:17,15.14,370024,15.14,E
一汽轿车,15:00:17,15.5,358000,15.54,E
智慧农业,15:00:17,8.49,927896,8.49,U
鲁西化工,15:00:17,6.9,422800,6.9,D
南天信息,15:00:17,27.8,230158,27.8,U
广州友谊,15:00:17,28.07,171900,28.07,E
达安基因,15:00:17,40.91,290960,40.92,D
沃华医药,15:00:17,24.9,220500,24.9,U
中环股份,15:00:17,12.97,773584,12.98,E
顺络电子,15:00:17,14.85,434000,14.86,D
宁波银行,15:00:17,15.27,1505400,15.27,E
莱茵生物,15:00:17,15.07,241750,15.07,U
延华智能,15:00:17,14.13,327100,14.12,U
启明信息,15:00:17,18.8,431972,18.79,U
大 东 南,15:00:17,10.23,1924156,10.19,E
美邦服饰,15:00:17,6.72,768200,6.71,E
洪涛股份,15:00:17,16.45,633600,16.45,U
富安娜,15:00:17,11.88,600000,11.87,E
积成电子,15:00:17,26.44,375372,26.42,U
格林美,15:00:17,14.76,390500,14.75,U
爱施德,15:00:17,17.98,894436,17.9,E
天虹商场,15:00:17,12.93,183417,12.94,D
协鑫集成,15:00:17,12.61,1646000,12.61,E
旷达科技,15:00:17,14.72,219241,14.72,D
中科英华,15:00:03,10.85,171008,10.84,U
中科曙光,14:59:47,93.0,82030,92.96,U
东贝Ｂ股,14:59:47,2.196,158900,2.161,U
东方集团,14:59:41,8.44,605660,8.41,U
厦门空港,14:59:41,23.27,103200,23.27,U
中华企业,14:59:31,7.9,485036,7.89,U
滨化股份,14:59:21,8.08,505400,8.07,U
葛洲坝,14:59:11,8.08,588192,8.07,U
中国软件,14:58:46,35.66,306600,35.67,D
南京医药,14:58:41,10.58,342900,10.59,D
深圳燃气,14:58:41,8.99,374800,8.99,U
昊华能源,14:58:31,8.3,455400,8.26,U
南京高科,14:58:21,19.48,213500,19.48,U
杭萧钢构,14:58:21,11.65,409408,11.59,U
营口港,14:58:11,4.7,848100,4.69,U
浦东建设,14:57:45,13.5,511401,13.47,U
中远航运,14:57:40,12.71,612704,12.71,D
*ST成城,14:57:35,22.5,216437,22.33,U
先导智能,14:57:02,101.4,102900,101.4,D
锦州港,14:56:55,5.7,479750,5.68,U
小商品城,14:56:55,9.45,760072,9.44,U
永辉超市,14:56:55,10.54,1076704,10.55,D
四川九洲,14:56:47,28.84,120000,28.83,U
振华重工,14:56:45,6.12,400500,6.12,U
大连港,14:56:40,6.21,1746812,6.2,U
联建光电,14:56:38,30.38,203300,30.39,D
上海机场,14:56:05,30.44,307800,30.46,D
智飞生物,14:55:53,38.15,83200,38.14,U
佳讯飞鸿,14:55:44,40.69,106599,40.69,D
日机密封,14:55:11,143.25,57100,143.21,U
金洲管道,14:55:08,18.68,751500,18.68,D
中央商场,14:54:50,11.0,1034300,10.9,U
海泰发展,14:54:35,7.05,1005000,7.06,D
申能股份,14:54:35,7.53,834592,7.51,U
泛海控股,14:54:26,12.5,321300,12.53,D
华菱钢铁,14:54:17,3.07,1002700,3.07,D
翠微股份,14:54:09,11.02,310267,10.9,U
七 匹 狼,14:53:50,13.1,989496,13.01,U
山推股份,14:53:44,6.79,508200,6.8,D
黑牡丹,14:53:44,11.68,387800,11.67,U
丽江旅游,14:53:32,15.22,280700,15.21,U
光一科技,14:53:26,44.77,99700,44.5,D
先河环保,14:53:23,21.42,301400,21.42,D
雅戈尔,14:53:04,16.2,981864,16.15,U
普莱柯,14:52:49,61.36,91300,61.36,U
*ST金路,14:52:44,8.56,314801,8.56,D
澳洋科技,14:52:28,15.59,286800,15.59,D
兄弟科技,14:52:25,31.15,286000,31.14,D
天健集团,14:52:19,18.8,178300,18.79,U
城市传媒,14:51:44,19.3,482448,19.23,U
伊利股份,14:51:39,15.08,1017600,15.07,U
文科园林,14:51:37,56.48,60300,56.34,U
国药股份,14:51:34,34.57,135100,34.54,U
阳光照明,14:51:29,8.05,401000,8.01,U
合力泰,14:51:07,19.41,154500,19.38,U
湖北能源,14:50:49,6.2,521700,6.19,U
巨轮智能,14:50:37,16.63,407100,16.6,U
科迪乳业,14:50:16,30.12,271900,30.09,U
星湖科技,14:49:41,8.66,525200,8.61,U
鞍重股份,14:49:37,84.48,532400,84.46,D
湖北广电,14:49:28,20.8,218700,20.74,U
冠城大通,14:49:10,8.91,1208400,8.91,U
宁波海运,14:49:10,6.92,533800,6.91,U
申华控股,14:49:05,5.58,773000,5.59,D
五洋科技,14:49:04,74.69,95200,74.69,D
金科股份,14:48:55,5.66,533900,5.67,D
神州泰岳,14:48:46,13.75,504000,13.75,D
三友化工,14:48:35,7.8,500000,7.78,U
太阳纸业,14:48:16,5.47,454300,5.49,D
艾派克,14:48:01,45.91,60600,45.94,D
华泰股份,14:47:15,5.76,480400,5.76,D
海兰信,14:47:01,42.91,198000,42.91,D
云煤能源,14:46:55,6.75,578400,6.75,D
华孚色纺,14:46:52,12.9,227200,12.87,U
君正集团,14:46:50,11.88,708900,11.88,U
隧道股份,14:46:45,10.97,582500,11.0,D
渤海租赁,14:46:40,8.81,484800,8.8,U
科远股份,14:46:40,36.96,100755,36.95,D
中南建设,14:46:37,16.2,402600,16.2,D
同仁堂,14:46:25,37.06,1299900,37.06,U
迪马股份,14:46:15,10.9,3362600,10.8,U
美 欣 达,14:45:31,44.8,80000,45.1,D
普丽盛,14:45:07,73.6,84620,73.6,D
博汇纸业,14:45:05,4.0,822500,4.0,U
*ST蒙发,14:44:58,11.26,223850,11.26,D
豪迈科技,14:44:58,22.58,80300,22.52,U
北辰实业,14:44:55,5.45,1000000,5.41,U
尚荣医疗,14:44:49,30.38,236708,30.37,U
神火股份,14:44:43,4.5,524588,4.5,U
秀强股份,14:44:37,38.06,300000,37.68,U
苏 泊 尔,14:44:31,26.3,51048,26.32,D
铁龙物流,14:44:14,9.25,364800,9.24,U
川润股份,14:44:10,10.21,584366,10.18,U
友利控股,14:44:04,13.98,1005600,13.97,U
亨通光电,14:43:59,16.03,4519576,15.99,D
万  科Ａ,14:43:58,22.21,1709872,22.21,D
同济科技,14:43:24,12.72,691504,12.72,U
运盛医疗,14:43:09,20.3,1648200,20.29,U
日照港,14:43:04,6.93,1022500,6.92,U
盛运环保,14:43:01,11.79,804400,11.78,U
宁沪高速,14:42:24,8.75,500200,8.74,U
华联控股,14:42:19,7.87,430500,7.88,D
宜华健康,14:42:16,37.55,82600,37.55,U
北京科锐,14:41:31,19.85,187031,19.7,U
哈药股份,14:41:19,12.19,290700,12.19,D
万马股份,14:41:19,31.32,588104,31.32,U
三毛B股,14:40:49,1.83,250200,1.82,U
瑞茂通,14:40:39,25.2,150363,25.3,D
上海三毛,14:40:29,22.64,905524,22.6,D
华侨城Ａ,14:39:55,9.28,905488,9.28,D
杭锅股份,14:39:46,15.22,140600,15.07,U
江山股份,14:39:44,25.44,117200,25.34,U
上工申贝,14:39:44,15.58,192300,15.49,U
尤夫股份,14:39:43,17.45,171900,17.31,U
湖南天雁,14:39:39,7.6,396900,7.53,U
联化科技,14:39:37,18.9,157400,18.86,U
百润股份,14:39:34,43.4,81520,43.3,U
天原集团,14:39:10,8.18,302650,8.14,U
华伍股份,14:38:40,14.1,200000,14.15,D
海南高速,14:38:34,7.34,454300,7.34,D
卓翼科技,14:38:28,13.85,301300,13.85,U
金石东方,14:38:19,74.13,48800,74.13,D
润和软件,14:38:04,54.53,307377,54.52,D
洲明科技,14:37:55,40.02,182100,40.02,U
张江高科,14:37:45,29.92,1222300,29.92,U
厚普股份,14:37:43,86.7,142400,86.7,U
西藏发展,14:37:31,17.91,537408,17.9,D
伟星股份,14:37:16,19.6,294600,19.74,D
菲达环保,14:37:15,19.0,744236,18.97,U
宝钢股份,14:37:00,5.6,1302096,5.62,D
圣阳股份,14:36:40,19.18,143609,19.15,U
华能国际,14:36:14,8.81,569744,8.79,U
东方网络,14:35:34,72.14,733308,72.14,D
东方航空,14:35:14,7.46,1006800,7.46,D
中国船舶,14:35:09,35.83,300700,35.83,U
长海股份,14:34:55,34.0,76300,33.99,U
金地集团,14:34:34,13.98,573600,13.95,U
中国太保,14:34:34,27.71,420800,27.7,U
中国人寿,14:34:34,28.71,410200,28.71,D
通源石油,14:34:31,10.5,563351,10.46,U
海伦哲,14:34:25,20.27,501400,20.19,U
大地传媒,14:34:22,21.0,148063,21.07,D
通宝能源,14:34:14,7.0,300000,7.02,D
八菱科技,14:33:49,49.81,200500,49.81,U
中国国航,14:33:09,8.52,1004100,8.52,U
建设银行,14:32:49,5.78,832900,5.77,U
凯乐科技,14:32:33,15.15,433350,15.2,D
士兰微,14:32:28,8.7,930500,8.68,U
航天通信,14:32:13,22.96,316300,22.94,U
浔兴股份,14:32:12,15.88,209400,15.9,D
上海家化,14:31:33,38.7,191894,38.87,D
天宝股份,14:31:27,13.51,409900,13.55,D
海 利 得,14:30:00,16.44,200000,16.4,U
科斯伍德,14:29:48,16.62,333251,16.62,D
大族激光,14:29:21,26.27,512100,26.25,E
新研股份,14:26:39,15.42,384600,15.48,D
浙江众成,14:26:30,19.45,698700,19.38,U
思创医惠,14:26:00,51.88,213500,51.88,D
上港集团,14:25:26,6.8,348804,6.81,D
力帆股份,14:24:41,16.89,355100,16.97,D
福耀玻璃,14:23:31,15.4,472436,15.3,U
绿景控股,14:23:30,37.0,210553,37.2,D
大通燃气,14:23:12,13.96,640100,13.96,U
大秦铁路,14:23:01,8.79,609172,8.79,D
*ST中富,14:22:30,5.6,800000,5.64,D
招商轮船,14:21:50,7.3,1053496,7.28,U
西山煤电,14:21:33,5.95,679300,5.98,D
永利股份,14:21:24,36.73,135000,36.73,D
深大通,14:21:00,59.33,192700,59.32,U
珠海港,14:20:57,7.34,355000,7.33,U
富瑞特装,14:20:21,31.19,302336,31.19,D
山东路桥,14:19:51,7.7,1150000,7.66,U
中钢国际,14:19:15,17.2,573420,17.28,D
青鸟华光,14:19:10,11.1,300000,11.07,U
漳泽电力,14:19:06,5.9,506180,5.91,D
莱宝高科,14:18:06,13.64,270900,13.65,D
内蒙华电,14:17:54,4.62,807464,4.62,U
洋河股份,14:17:42,65.13,60100,65.13,D
生益科技,14:17:19,9.76,1026400,9.76,D
上风高科,14:16:39,26.0,117646,26.05,D
明星电缆,14:15:49,9.1,300100,9.06,U
北京城乡,14:15:24,19.07,180200,19.07,D
力星股份,14:15:09,39.63,129500,39.64,D
中国巨石,14:14:23,25.9,450600,25.93,D
综艺股份,14:14:18,16.94,1021296,16.95,E
保税科技,14:14:18,7.25,744300,7.23,U
金正大,14:13:45,20.7,300000,20.62,U
华西股份,14:13:36,14.15,475730,14.15,D
合肥城建,14:12:57,25.65,130200,25.6,U
中科电气,14:12:30,17.45,317200,17.41,U
永兴特钢,14:11:35,61.0,131700,59.0,U
华远地产,14:11:30,7.18,613304,7.15,U
渤海股份,14:11:29,25.35,123700,25.35,U
莱美药业,14:11:20,36.31,200600,36.31,D
维力医疗,14:11:15,42.0,105300,41.97,U
新 大 陆,14:11:11,24.5,384800,24.47,U
三诺生物,14:11:11,36.8,74838,36.64,U
华胜天成,14:10:55,25.58,907298,25.49,U
东方市场,14:10:50,6.25,706628,6.24,U
棕榈园林,14:10:32,25.3,220000,25.3,D
南方航空,14:10:25,8.15,1497632,8.15,U
深高速,14:10:25,9.07,311153,9.07,D
华东科技,14:09:59,10.03,250000,10.0,U
*ST华锦,14:09:53,8.0,789500,7.99,U
澳洋顺昌,14:09:47,10.8,1885800,10.8,D
武汉中商,14:09:29,16.05,746985,15.8,U
步森股份,14:09:11,43.05,340400,43.05,U
农业银行,14:09:05,3.26,14513104,3.26,D
新华联,14:08:44,10.49,221698,10.48,U
上峰水泥,14:08:29,8.85,349400,8.83,U
陆家Ｂ股,14:07:40,4.022,117000,4.028,D
瑞康医药,14:07:32,36.0,119800,35.97,U
旗滨集团,14:06:59,5.65,1006748,5.65,U
华斯股份,14:06:56,26.32,1419795,26.21,D
皇庭B,14:06:35,11.9,94600,11.9,D
丽珠集团,14:05:44,51.0,93568,51.15,D
南兴装备,14:04:59,54.0,54200,53.8,U
中国中铁,14:04:46,11.27,723568,11.25,U
禾嘉股份,14:04:36,17.06,340200,17.11,D
杭氧股份,14:03:56,10.98,262400,10.92,U
联创光电,14:03:45,20.96,467200,20.96,D
海利生物,14:03:45,54.99,200000,54.99,D
中来股份,14:03:26,61.5,100000,60.71,U
方正科技,14:03:10,6.5,1170600,6.48,U
东阳光科,14:02:10,10.29,1143964,10.28,U
晨鸣纸业,14:02:08,9.0,440998,9.01,D
长亮科技,14:02:05,79.32,87700,79.3,U
晨光文具,14:01:55,39.3,89700,39.38,D
汉邦高科,14:01:26,129.81,52700,129.8,U
壹桥海参,14:01:08,9.7,421900,9.67,U
诺 普 信,14:01:02,18.55,293692,18.55,D
海陆重工,14:00:41,10.04,247900,10.0,U
华夏幸福,14:00:29,31.99,519250,31.9,U
方大化工,14:00:26,9.07,600000,9.1,D
三木集团,13:59:59,10.4,317400,10.47,D
双汇发展,13:59:59,19.21,141682,19.19,U
天成自控,13:59:44,49.03,99900,49.0,U
东凌粮油,13:59:41,18.87,303435,18.49,U
华天科技,13:59:08,18.43,311022,18.33,U
广百股份,13:58:44,16.79,125400,16.75,U
云内动力,13:58:35,8.6,325000,8.6,U
摩恩电气,13:58:35,14.3,425387,14.16,U
华东医药,13:58:29,81.15,143000,81.15,U
顺发恒业,13:58:17,10.1,355000,10.15,D
一拖股份,13:58:09,13.9,305650,13.85,U
雅化集团,13:57:59,9.25,1000998,9.21,U
利君股份,13:57:50,13.71,151800,13.68,U
春秋航空,13:57:44,62.0,108600,61.99,U
益丰药房,13:57:19,43.0,81300,42.98,U
外高桥,13:56:53,26.0,237599,26.2,D
北特科技,13:56:48,40.08,62400,40.05,U
华工科技,13:56:17,22.29,3132088,22.29,D
轻纺城,13:56:13,8.38,634800,8.38,U
和而泰,13:55:08,23.78,184637,23.65,U
香江控股,13:54:28,9.87,876676,9.87,D
南风化工,13:53:50,6.55,300300,6.51,U
双环传动,13:53:41,28.1,259625,28.0,U
天壕环境,13:53:20,24.01,257600,23.85,U
神州长城,13:52:14,39.62,211956,39.62,D
建投能源,13:51:31,10.59,271700,10.55,U
键桥通讯,13:51:13,21.25,219339,21.18,U
北玻股份,13:50:49,8.48,548200,8.48,D
华夏银行,13:50:37,11.28,485808,11.29,D
鼎立股份,13:50:17,12.21,542220,12.19,U
金固股份,13:50:10,31.92,221000,32.0,D
浙江医药,13:48:56,10.85,714260,10.87,D
汇鸿集团,13:48:21,13.74,419100,13.75,D
滨海能源,13:48:10,23.1,357800,23.1,D
九洲药业,13:48:06,69.5,53980,69.88,D
欣泰电气,13:48:01,18.1,348200,18.09,U
东方明珠,13:47:51,37.06,526000,37.07,D
深圳机场,13:47:34,8.24,522500,8.26,D
燕京啤酒,13:47:34,8.08,301300,8.12,D
森远股份,13:47:16,17.9,176100,17.92,D
山大华特,13:46:43,34.77,120000,34.82,D
金健米业,13:46:08,7.21,917400,7.18,E
中国银行,13:45:58,4.06,4089104,4.06,D
国星光电,13:45:16,16.25,337560,16.25,D
民生银行,13:45:13,8.7,1118800,8.7,D
中航黑豹,13:44:23,16.11,333752,16.25,D
宝莫股份,13:43:58,9.61,406600,9.65,D
隆鑫通用,13:43:43,23.75,673408,23.74,U
超声电子,13:43:22,11.5,396440,11.53,D
金风科技,13:43:10,20.83,806000,20.83,D
珈伟股份,13:43:04,27.4,219100,27.41,D
蓝英装备,13:42:19,25.0,133720,25.01,D
大商股份,13:41:57,56.42,593899,56.42,U
广电运通,13:41:22,31.95,229700,31.97,D
太钢不锈,13:41:16,4.16,486104,4.16,D
双龙股份,13:40:28,17.24,215000,17.25,D
南京化纤,13:40:12,14.3,318700,14.3,U
德豪润达,13:38:10,9.2,546400,9.22,D
鼎泰新材,13:37:49,30.89,100700,30.86,U
银邦股份,13:37:40,9.6,1033300,9.6,U
上海临港,13:37:12,23.15,156000,23.15,U
南宁糖业,13:35:49,18.48,94100,18.48,D
雷柏科技,13:35:43,56.41,103450,56.41,D
申通地铁,13:35:31,17.8,150800,17.71,U
九州通,13:34:36,19.19,473100,19.1,U
围海股份,13:34:19,8.75,400000,8.74,U
中天能源,13:33:46,25.4,389400,25.45,D
空港股份,13:33:21,16.31,200500,16.32,D
万顺股份,13:33:10,18.0,487095,17.93,U
久立特材,13:33:04,14.82,698424,14.79,U
奥克股份,13:33:04,8.29,230700,8.27,U
西藏天路,13:31:47,11.2,553230,11.17,U
吉林化纤,13:30:42,7.9,517900,7.85,U
中信重工,13:30:41,7.38,761744,7.36,U
日发精机,13:30:36,25.5,158400,25.7,D
桂东电力,13:30:31,9.95,300000,9.93,U
澳柯玛,13:30:16,8.7,385200,8.68,U
桂林旅游,13:29:54,13.0,303000,12.9,U
星河生物,13:29:48,27.93,145600,27.93,D
金河生物,13:28:12,22.5,247800,22.46,U
科士达,13:27:48,36.45,200000,36.45,D
卫星石化,13:27:42,10.76,186500,10.74,U
天业通联,13:27:36,19.3,272500,19.37,D
泸州老窖,13:26:45,25.6,329212,25.56,U
海南航空,13:26:45,3.91,2036600,3.91,D
石大胜华,13:26:45,42.25,1225584,42.25,D
精达股份,13:26:35,6.56,704200,6.56,D
山东钢铁,13:26:10,3.23,1145000,3.23,U
川投能源,13:26:10,10.75,464400,10.75,D
永泰能源,13:26:00,4.75,1301898,4.73,U
金岭矿业,13:25:51,9.35,594900,9.31,U
青松建化,13:25:40,5.9,549178,5.89,U
中煤能源,13:24:55,6.25,689800,6.25,U
创兴资源,13:24:40,16.35,1203200,16.35,D
新疆城建,13:24:29,11.68,364700,11.63,U
同花顺,13:24:06,84.5,368954,84.15,U
成商集团,13:23:59,8.63,266520,8.61,U
恒星科技,13:23:18,7.45,600000,7.43,U
湖南投资,13:23:06,11.39,547800,11.39,U
大唐发电,13:22:59,5.21,501400,5.2,U
粤宏远Ａ,13:22:18,7.18,500900,7.18,U
成都路桥,13:22:15,7.02,745600,7.03,D
上海凯宝,13:21:51,14.4,501600,14.38,U
龙元建设,13:21:44,9.97,500000,9.97,D
天山股份,13:21:12,8.15,600201,8.16,D
亚通股份,13:21:09,15.18,266727,15.2,D
河池化工,13:20:06,15.7,162500,15.74,D
*ST星美,13:19:09,22.35,440910,22.26,U
国投电力,13:19:03,8.7,1456200,8.69,U
普洛药业,13:18:24,8.22,640968,8.18,U
锐奇股份,13:18:09,19.08,184100,18.97,U
深桑达Ａ,13:18:06,25.38,150000,25.37,U
中船防务,13:18:03,36.87,100000,36.59,U
广济药业,13:17:45,25.41,416400,25.4,U
浙江广厦,13:17:43,8.35,843750,8.34,U
锡业股份,13:17:03,13.89,1008400,13.88,U
太龙药业,13:15:52,8.8,592628,8.78,U
三联虹普,13:15:45,88.44,109200,88.44,U
雪峰科技,13:15:42,33.0,381200,32.99,U
华发股份,13:14:37,16.1,273200,16.08,U
圣农发展,13:14:24,21.2,241918,21.11,U
华铭智能,13:14:12,37.5,94400,37.5,D
恩华药业,13:13:54,29.5,218300,29.7,D
首钢股份,13:13:42,3.8,674300,3.79,U
国电电力,13:13:21,4.01,2058104,4.0,U
华鲁恒升,13:13:16,14.5,304600,14.49,U
中国铝业,13:13:06,5.15,2196600,5.15,U
司尔特,13:12:54,12.6,329531,12.54,U
拓尔思,13:12:51,36.0,300700,35.85,U
中化国际,13:12:36,11.46,972700,11.46,D
日出东方,13:12:31,10.4,500000,10.45,D
华灿光电,13:10:50,9.79,636400,9.78,U
包钢股份,13:10:31,3.8,1333760,3.79,U
安阳钢铁,13:10:31,3.09,1014403,3.1,D
烟台冰轮,13:10:23,17.17,507299,17.15,U
云南白药,13:10:05,72.69,77800,72.69,U
武钢股份,13:09:50,3.57,877800,3.57,U
华测检测,13:08:59,28.0,200600,27.9,U
柳钢股份,13:08:50,4.33,347905,4.32,U
雷鸣科化,13:08:45,13.63,194450,13.6,U
五洲交通,13:08:40,6.41,337700,6.4,U
东方锆业,13:08:35,11.0,790000,10.98,U
廊坊发展,13:08:35,15.3,300700,15.3,D
花园生物,13:08:08,27.96,560807,27.95,D
马钢股份,13:08:00,3.26,845200,3.26,U
通达动力,13:07:59,29.9,176300,29.92,D
依米康,13:05:47,28.1,96700,28.04,U
双星新材,13:05:41,12.33,287500,12.28,U
冠农股份,13:05:24,11.39,511600,11.33,U
冀中能源,13:05:02,5.1,500000,5.09,U
天玑科技,13:04:59,35.82,412300,35.82,D
江苏阳光,13:03:54,5.97,991104,5.97,U
朗玛信息,13:03:53,58.82,239700,58.8,D
森源电气,13:03:08,19.04,200200,19.04,D
爱建集团,13:02:58,15.01,1597512,14.96,U
合肥百货,13:02:38,10.57,419400,10.58,D
迪安诊断,13:01:14,73.0,80000,72.9,U
川大智胜,13:00:08,54.0,141000,53.77,U
斯莱克,13:00:08,47.88,47400,47.88,D
古越龙山,13:00:08,10.93,320010,10.92,U
ST荣华,13:00:08,7.08,541151,7.07,U
金山股份,13:00:08,7.26,511594,7.24,U
鲁北化工,13:00:08,10.2,519000,10.19,U
北京银行,13:00:08,10.15,2677252,10.13,U
中信银行,13:00:08,7.49,2155600,7.45,U
盛洋科技,13:00:08,105.99,103055,104.2,U
视觉中国,13:00:05,38.0,254800,38.0,D
天兴仪表,13:00:05,35.03,145020,34.92,U
天保基建,13:00:05,7.13,764800,7.13,U
泰和新材,13:00:05,15.99,379200,15.81,U
富煌钢构,13:00:05,42.12,469471,40.0,D
同方股份,13:00:03,18.0,1254952,18.0,U
荣丰控股,13:00:02,28.08,121800,27.97,U
东土科技,13:00:02,25.49,222000,25.49,D
全通教育,13:00:02,97.0,140362,96.68,U
华电Ｂ股,11:29:27,0.59,400000,0.592,D
汇金股份,11:29:15,61.9,256700,61.9,U
金通灵,11:28:57,35.0,200000,34.87,U
诚志股份,11:27:57,25.3,500000,25.17,U
红豆股份,11:27:27,22.88,248252,22.94,D
美的集团,11:25:42,30.27,300100,30.33,D
柳    工,11:24:36,8.32,300000,8.28,U
大众公用,11:22:56,10.5,1479400,10.49,U
美晨科技,11:22:54,11.8,380400,11.86,D
安科生物,11:20:39,39.4,146100,39.5,D
云天化,11:20:21,13.6,474700,13.56,U
老白干酒,11:19:51,57.0,57100,56.95,U
南山控股,11:19:18,8.8,292099,8.81,D
工商银行,11:18:46,4.62,2662056,4.63,D
雪人股份,11:18:39,11.5,500000,11.5,D
江河创建,11:17:21,13.68,480105,13.72,D
易事特,11:17:12,50.22,120078,50.19,D
新兴铸管,11:16:54,6.59,668900,6.59,D
长江电力,11:16:51,13.86,800600,13.9,D
三垒股份,11:16:27,24.07,97100,24.11,D
精工钢构,11:16:06,6.07,833100,6.07,D
健康元,11:15:51,14.64,581600,14.65,E
宁波精达,11:15:16,52.02,78100,52.02,D
三 力 士,11:13:53,22.67,900200,22.67,D
金自天正,11:13:26,19.38,260388,19.6,D
益佰制药,11:13:06,20.37,382800,20.38,D
晋西车轴,11:12:40,10.66,623820,10.61,U
晋亿实业,11:12:25,11.7,397000,11.66,U
中国一重,11:10:15,8.4,937872,8.38,U
太原重工,11:10:05,6.0,1007400,5.99,U
三一重工,11:09:10,6.54,765276,6.55,D
春兰股份,11:09:10,8.15,459800,8.18,D
得利斯,11:09:02,16.49,300690,16.49,D
四川长虹,11:08:55,6.1,1276340,6.1,U
东方网力,11:08:20,79.29,80000,79.01,U
百川股份,11:06:23,11.0,226600,11.02,D
四环生物,11:05:41,7.2,885128,7.23,D
吴通控股,11:05:41,47.67,126200,47.33,D
久联发展,11:04:11,27.27,285000,27.3,D
西藏药业,11:03:30,39.6,83874,39.63,D
楚天高速,11:03:15,4.99,520900,4.99,U
奥飞动漫,11:02:59,50.6,295600,50.6,D
中储股份,11:01:45,10.45,563500,10.42,U
金圆股份,11:01:38,13.91,591020,13.87,U
外运发展,11:01:35,28.0,305400,27.97,U
仁智油服,11:01:32,14.87,2226652,14.87,D
华贸物流,10:57:43,12.16,514904,12.16,D
鲍斯股份,10:57:29,53.33,139300,53.33,D
峨眉山Ａ,10:57:20,14.31,259600,14.33,D
欧浦智网,10:57:05,41.84,304599,41.84,D
云南城投,10:55:53,7.02,571980,7.08,D
华鹏飞,10:55:19,38.46,154466,38.46,D
金杯汽车,10:55:13,4.86,534000,4.86,D
*ST融捷,10:54:43,46.0,130000,46.03,D
春兴精工,10:54:37,12.57,730200,12.59,D
格力地产,10:54:12,22.0,414800,21.97,U
海达股份,10:53:37,14.62,247080,14.75,D
首开股份,10:52:37,13.69,1202400,13.7,D
庞大集团,10:52:37,4.01,1937776,4.01,U
建新股份,10:52:34,7.4,334300,7.44,D
华录百纳,10:51:31,41.8,196039,41.75,U
西王食品,10:51:28,17.84,300000,17.9,D
中兴通讯,10:47:10,18.66,1011300,18.65,U
靖远煤电,10:46:55,9.21,477000,9.21,D
桂冠电力,10:46:40,7.73,511683,7.74,D
泰禾集团,10:46:34,25.48,104400,25.48,D
京运通,10:45:35,8.85,726248,8.82,U
华仪电气,10:45:25,15.57,788900,15.57,D
皖江物流,10:45:20,6.8,928000,6.8,U
富邦股份,10:45:13,31.6,145600,31.6,D
天房发展,10:44:35,5.61,500000,5.6,U
长江证券,10:44:31,12.82,1811800,12.82,U
大唐电信,10:44:15,23.6,552560,23.52,U
金龙机电,10:43:52,28.46,254300,28.42,U
天康生物,10:43:25,9.95,321100,9.93,U
百联股份,10:43:04,18.0,379700,17.96,U
中国建筑,10:42:49,6.66,6100928,6.64,U
安源煤业,10:42:44,5.8,1003000,5.79,U
浙富控股,10:42:34,8.48,919800,8.52,D
大金重工,10:41:49,16.25,400000,16.35,D
大名城,10:41:44,11.8,1059300,11.8,D
华业资本,10:41:14,15.5,747500,15.57,D
苏宁环球,10:40:28,13.57,533896,13.59,D
浦东金桥,10:39:59,22.8,233000,22.8,U
龙头股份,10:39:33,26.65,409900,26.65,U
锦江股份,10:39:18,49.15,134732,48.98,U
海螺水泥,10:39:08,17.0,945557,16.96,U
长春燃气,10:38:18,8.29,606400,8.3,D
聚飞光电,10:37:18,10.99,500000,10.87,U
新朋股份,10:36:51,12.88,351850,12.84,U
建峰化工,10:36:36,9.8,263150,9.81,D
新湖中宝,10:36:28,5.07,1428080,5.07,U
光明乳业,10:34:22,15.45,346600,15.48,D
高乐股份,10:33:30,18.3,301138,18.27,U
华北高速,10:33:18,5.79,300000,5.81,D
阳光股份,10:33:00,5.7,503900,5.68,U
金 融 街,10:32:33,12.68,3211400,12.62,D
新黄浦,10:30:56,13.85,226400,13.83,U
金鸿能源,10:30:36,22.58,222600,22.64,D
信达地产,10:30:31,7.05,394868,7.0,U
铁岭新城,10:30:09,5.71,600000,5.69,U
国风塑业,10:30:03,6.36,458000,6.37,D
金隅股份,10:30:01,10.28,472650,10.22,U
纳川股份,10:28:42,14.98,851300,14.92,U
国元证券,10:26:51,24.76,475170,24.84,D
皇氏集团,10:26:27,29.2,227592,29.02,U
时代万恒,10:25:50,14.21,424457,14.22,D
冀东水泥,10:25:27,11.98,494400,11.86,U
八一钢铁,10:24:49,8.55,779100,8.53,U
科达洁能,10:24:14,22.1,365300,22.07,U
麦捷科技,10:24:00,34.0,94000,33.93,U
中京电子,10:22:57,14.5,582000,14.52,D
北京城建,10:22:49,15.2,603100,15.2,D
祁连山,10:22:19,8.7,376501,8.65,U
隆基机械,10:22:03,19.91,147576,19.9,D
北大荒,10:21:54,14.97,546930,14.96,U
中科三环,10:21:51,15.1,501800,15.03,U
保利地产,10:21:18,11.52,23682448,11.45,D
兰太实业,10:20:28,16.0,433051,15.88,U
宝泰隆,10:20:08,9.03,1032700,9.03,U
昆药集团,10:19:58,36.0,300000,35.86,U
红相电力,10:19:05,78.28,48200,79.0,D
华锐风电,10:18:53,4.06,1000000,4.05,U
建研集团,10:18:44,18.0,500000,17.76,U
银河电子,10:18:44,25.71,131000,25.71,D
东方精工,10:18:35,14.63,350000,14.56,U
天坛生物,10:17:47,30.7,200300,30.63,U
万润股份,10:17:05,39.0,150300,39.32,D
光华科技,10:16:50,38.32,381291,37.99,U
航天晨光,10:16:07,24.79,202900,24.79,U
汉鼎股份,10:15:53,30.36,348300,30.4,D
信威集团,10:14:42,27.93,1210500,27.93,D
天津港,10:13:56,11.23,365900,11.2,U
晶方科技,10:12:51,51.62,408900,51.0,U
海默科技,10:11:38,11.5,301468,11.37,U
国电南自,10:11:01,10.03,297700,10.03,U
航天机电,10:10:45,12.1,400200,12.08,U
思源电气,10:10:35,17.4,762091,17.47,D
广深铁路,10:10:35,5.15,1555600,5.15,U
西安旅游,10:10:29,14.6,209020,14.57,U
湖北金环,10:10:26,16.05,150500,16.08,D
保变电气,10:10:25,9.12,502500,9.11,U
森马服饰,10:09:56,12.29,198750,12.25,U
三川股份,10:09:23,24.33,913600,24.33,D
银润投资,10:09:08,79.0,51300,79.02,D
新华医疗,10:08:35,39.0,140100,38.96,U
模塑科技,10:08:14,24.9,322399,25.2,D
神州信息,10:06:53,45.19,2407050,45.0,D
凯恩股份,10:06:38,9.56,413500,9.6,D
精锻科技,10:06:02,18.22,207900,18.22,D
新赛股份,10:05:54,8.5,239000,8.49,U
湖南海利,10:05:54,11.54,338300,11.54,U
桐昆股份,10:05:29,13.57,343574,13.56,U
尔康制药,10:03:41,34.0,152300,33.91,U
亿通科技,10:03:32,30.28,692568,30.28,D
三环集团,10:03:14,36.0,200800,35.91,U
新宁物流,10:03:08,22.19,240300,22.19,D
众生药业,10:02:47,13.08,301000,13.08,U
明星电力,10:02:33,14.5,1525028,14.47,D
深华发Ａ,10:01:14,29.78,183835,29.78,D
厦门信达,10:00:47,27.9,1209960,27.88,D
电子城,10:00:43,13.04,547150,12.97,D
潍柴重机,10:00:26,15.87,163100,15.9,D
中房地产,09:59:28,16.91,118672,16.96,D
茂硕电源,09:57:13,16.28,869877,16.28,D
华帝股份,09:56:55,16.28,243100,16.27,U
法因数控,09:56:25,20.0,328400,20.0,D
深物业A,09:55:37,14.9,220000,14.9,U
节能风电,09:55:06,16.85,287200,16.55,U
天汽模,09:55:04,15.62,355600,15.86,D
中天城投,09:55:01,10.7,818600,10.69,U
云铝股份,09:54:46,7.5,1915000,7.52,D
玉龙股份,09:54:26,8.62,391900,8.62,U
东方日升,09:54:04,14.5,455924,14.4,U
亚星客车,09:53:51,14.09,251700,14.08,U
雄韬股份,09:52:49,26.0,213004,25.93,U
松芝股份,09:52:25,17.88,265300,17.89,D
潮宏基,09:51:28,17.35,276600,17.35,D
新农开发,09:51:10,12.86,1012400,12.86,U
省广股份,09:50:46,25.75,303100,25.77,U
万和电气,09:50:40,17.25,136501,17.22,U
动力源,09:50:30,18.01,802608,18.01,U
鲁阳节能,09:50:04,16.46,160000,16.49,D
上海普天,09:49:29,55.68,512200,55.25,U
金龙汽车,09:49:24,18.48,123700,18.48,D
新天科技,09:49:04,12.9,453809,12.98,D
方大特钢,09:48:04,6.15,383900,6.11,U
三峡水利,09:47:24,18.0,171200,18.0,U
黔轮胎Ａ,09:47:22,7.2,488000,7.19,U
美克家居,09:46:59,15.76,211600,15.7,U
S前锋,09:46:34,41.48,131100,41.58,D
云维股份,09:46:29,7.25,888700,7.12,U
富春通信,09:46:10,49.94,800000,49.54,U
世纪星源,09:46:07,10.11,335700,10.11,D
东方通信,09:45:34,12.5,1060400,12.54,D
郴电国际,09:45:34,18.02,275945,18.0,U
威帝股份,09:45:34,51.87,146450,51.87,D
雅百特,09:44:52,36.53,112300,35.82,U
奥拓电子,09:44:52,16.86,594200,16.8,U
京投银泰,09:44:39,11.16,282519,11.26,D
埃斯顿,09:43:52,76.09,46500,76.09,D
新钢股份,09:43:29,5.61,358900,5.59,U
拓普集团,09:43:29,27.39,613600,27.2,U
*ST酒鬼,09:43:16,18.18,154500,18.15,U
中国国旅,09:42:28,57.68,119000,57.7,D
上海电力,09:41:53,15.65,256400,15.63,U
卧龙电气,09:41:53,15.02,324900,14.94,U
巨星科技,09:41:43,19.41,295700,19.41,U
跨境通,09:38:45,33.9,203300,33.95,D
攀钢钒钛,09:38:33,3.49,3113888,3.49,D
七喜控股,09:37:27,50.15,307653,50.0,D
通达股份,09:37:12,51.06,800600,51.06,D
豫能控股,09:37:09,13.96,180000,13.88,U
金盾股份,09:36:51,39.09,92700,38.98,U
永创智能,09:36:43,30.84,100100,30.93,D
宏达股份,09:36:18,7.83,477141,7.75,U
万达院线,09:35:09,119.7,141880,119.5,U
东方电气,09:34:48,14.3,509901,14.24,U
曲江文旅,09:34:28,19.65,285600,19.65,D
浙报传媒,09:32:53,20.9,849300,20.97,D
通光线缆,09:31:18,16.02,249400,16.0,U
上海电气,09:31:08,12.88,1716400,12.89,D
中国中车,09:31:08,13.04,1191200,13.05,D
广电电气,09:30:33,8.3,1331335,8.29,U
道明光学,09:30:21,27.4,543998,27.4,U
中国卫星,09:30:18,43.93,513385,43.95,D
赣粤高速,09:30:18,5.55,599885,5.54,U
福能股份,09:30:18,17.49,318600,17.49,D
中金黄金,09:30:18,10.43,1329400,10.4,U
方大炭素,09:30:18,13.52,2988400,13.49,U
栖霞建设,09:30:18,7.02,533801,7.02,D
市北高新,09:30:18,38.65,872400,38.9,D
隆基股份,09:30:18,13.81,1038000,13.81,D
中国核电,09:30:18,10.08,7045750,10.05,U
宏昌电子,09:30:18,12.05,487905,12.0,U
兰石重装,09:30:18,19.25,605700,19.15,U
应流股份,09:30:18,30.0,453601,29.85,U
茂化实华,09:30:09,8.82,1303400,8.81,U
天马精化,09:30:09,11.29,196900,11.29,D
国农科技,09:30:06,46.03,147100,46.55,D
万 家 乐,09:30:06,8.94,1029300,8.94,U
湖南黄金,09:30:06,9.25,723787,9.2,U
台海核电,09:30:06,67.44,129000,67.4,U
康盛股份,09:30:06,37.77,526700,37.7,U
金轮股份,09:30:06,39.08,216800,39.08,D
东富龙,09:30:06,26.7,247185,26.6,U
开元仪器,09:30:06,17.61,607900,17.7,D
劲拓股份,09:30:06,41.98,206200,41.89,U
财信发展,09:30:03,40.32,1020880,40.0,U
江特电机,09:30:03,17.97,5846775,18.0,D
柳化股份,09:25:12,7.67,406400,0.0,E
弘业股份,09:25:07,15.07,311400,0.0,E
华联矿业,09:25:07,10.09,300457,0.0,E
连云港,09:25:07,6.98,635000,0.0,E
亿帆鑫富,09:25:03,39.5,673700,0.0,E
亚太股份,09:25:03,18.02,2169117,0.0,E
丽鹏股份,09:25:03,17.29,146600,0.0,E
友邦吊顶,09:25:03,54.0,460000,0.0,E
麦趣尔,09:25:03,62.98,1084400,0.0,E
海联讯,09:25:03,48.99,311100,0.0,E
环能科技,09:25:03,46.6,232600,0.0,E
*ST川化,09:25:00,10.4,485400,0.0,E
中航机电,09:25:00,21.8,215200,0.0,E
青岛金王,09:25:00,25.61,1148881,0.0,E
紫鑫药业,09:25:00,20.51,211050,0.0,E
欧菲光,09:25:00,27.36,604263,0.0,E
GQY视讯,09:25:00,26.36,150600,0.0,E
科泰电源,09:25:00,21.38,1160398,0.0,E
