name,ticktime,price,volume,prev_price,kind
万孚生物,15:00:35,133.3,26005,133.3,E
沃施股份,15:00:35,67.41,47900,67.2,U
东杰智能,15:00:35,52.8,46100,52.8,E
蓝晓科技,15:00:35,71.0,33150,71.0,E
恒锋工具,15:00:35,100.9,43700,100.9,E
温氏股份,15:00:35,48.39,155700,48.38,E
赛升药业,15:00:32,173.0,47200,172.98,E
中飞股份,15:00:32,114.79,32800,114.85,D
神州泰岳,15:00:26,13.75,347056,13.75,E
南风股份,15:00:26,26.98,99400,26.98,E
汉威电子,15:00:26,32.49,223700,32.48,U
立思辰,15:00:26,35.35,496230,35.31,E
华测检测,15:00:26,27.75,138400,27.72,E
亿纬锂能,15:00:26,30.06,262100,30.05,E
爱尔眼科,15:00:26,33.6,106711,33.61,E
网宿科技,15:00:26,63.41,171500,63.39,E
大禹节水,15:00:26,17.65,214900,17.64,E
红日药业,15:00:26,19.69,94598,19.69,E
华谊兄弟,15:00:26,41.62,890000,41.62,E
天龙光电,15:00:26,15.71,197900,15.68,E
阳普医疗,15:00:26,21.39,309300,21.38,E
金龙机电,15:00:26,28.62,172000,28.62,E
同花顺,15:00:26,83.08,205400,83.05,E
中科电气,15:00:26,17.24,102300,17.25,D
九洲电气,15:00:26,13.57,253200,13.57,E
赛为智能,15:00:26,28.61,310500,28.6,E
中青宝,15:00:26,33.67,353700,33.66,E
欧比特,15:00:26,44.0,244867,44.0,U
万邦达,15:00:26,23.65,299058,23.65,E
三维丝,15:00:26,21.08,253920,21.08,E
安诺其,15:00:26,10.85,196000,10.85,E
南都电源,15:00:26,19.17,318550,19.16,E
华谊嘉信,15:00:26,15.7,919736,15.69,E
三聚环保,15:00:26,33.71,101399,33.7,U
GQY视讯,15:00:26,27.75,74400,27.74,E
国民技术,15:00:26,46.2,238850,46.18,E
海默科技,15:00:26,11.42,121300,11.42,U
银之杰,15:00:26,67.65,346864,67.66,E
康芝药业,15:00:26,15.99,229748,15.99,E
文化长城,15:00:26,37.97,129200,37.97,D
盛运环保,15:00:26,11.87,238400,11.87,E
金刚玻璃,15:00:26,38.92,359750,38.9,U
国联水产,15:00:26,28.6,219750,28.6,E
华伍股份,15:00:26,14.24,171000,14.19,E
易联众,15:00:26,27.25,397200,27.31,E
振芯科技,15:00:26,31.34,216405,31.31,E
建新股份,15:00:26,7.51,263000,7.51,U
嘉寓股份,15:00:26,13.78,261200,13.78,E
东方日升,15:00:26,14.99,234300,14.97,E
瑞普生物,15:00:26,20.31,86400,20.32,E
经纬电材,15:00:26,17.7,121500,17.65,U
智飞生物,15:00:26,38.15,72100,38.15,E
太阳鸟,15:00:26,16.48,245300,16.47,E
英唐智控,15:00:26,23.97,200386,23.99,E
华策影视,15:00:26,32.95,378400,32.94,E
信维通信,15:00:26,32.18,329352,32.26,E
汤臣倍健,15:00:26,34.6,346000,34.56,U
神雾环保,15:00:26,53.3,116158,53.31,E
先锋新材,15:00:26,13.77,372832,13.76,E
通源石油,15:00:26,10.5,110600,10.5,E
天瑞仪器,15:00:26,23.95,103400,23.95,E
东方国信,15:00:26,35.74,186000,35.7,E
迪威视讯,15:00:26,21.75,199900,21.75,E
东富龙,15:00:26,26.94,194300,26.94,E
中电环保,15:00:26,17.33,271847,17.32,E
智慧松德,15:00:26,18.82,1154730,18.8,E
元力股份,15:00:26,27.95,44598,27.95,E
鸿特精密,15:00:26,28.8,67500,28.79,E
腾邦国际,15:00:26,33.05,648952,32.99,E
四方达,15:00:26,9.64,545300,9.63,E
佐力药业,15:00:26,11.82,267030,11.82,E
东软载波,15:00:26,27.96,141114,27.95,E
美亚柏科,15:00:26,46.17,314400,46.17,E
维尔利,15:00:26,23.19,113700,23.18,E
佳士科技,15:00:26,13.93,490270,13.93,E
铁汉生态,15:00:26,17.9,488500,17.9,E
聚光科技,15:00:26,38.91,261400,38.89,E
理邦仪器,15:00:26,26.7,84800,26.66,E
欣旺达,15:00:26,28.45,204800,28.46,D
亿通科技,15:00:26,29.98,326000,29.97,E
易华录,15:00:26,50.88,139500,50.83,E
日科化学,15:00:26,10.14,382200,10.14,E
电科院,15:00:26,19.74,160300,19.72,E
千山药机,15:00:26,42.95,100700,42.95,E
银禧科技,15:00:26,12.79,149942,12.79,E
北京君正,15:00:26,36.27,78200,36.26,E
正海磁材,15:00:26,24.87,135049,24.87,E
光韵达,15:00:26,40.3,147300,40.26,E
银信科技,15:00:26,27.3,302030,27.29,E
金城医药,15:00:26,32.06,33200,32.06,U
明家科技,15:00:26,49.96,37700,49.65,E
天玑科技,15:00:26,35.22,220848,35.22,E
新开普,15:00:26,43.48,161850,43.48,E
卫宁软件,15:00:26,46.97,258300,46.97,E
仟源医药,15:00:26,32.17,141600,32.17,E
常山药业,15:00:26,18.15,129300,18.15,U
星星科技,15:00:26,27.4,152625,27.4,D
新天科技,15:00:26,13.27,422400,13.26,U
雅本化学,15:00:26,17.36,180430,17.35,E
尔康制药,15:00:26,34.51,72368,34.51,D
万福生科,15:00:26,31.89,178033,31.98,E
联建光电,15:00:26,30.6,164650,30.4,E
开能环保,15:00:26,23.15,81400,23.15,E
和佳股份,15:00:26,22.05,203800,22.02,E
阳光电源,15:00:26,28.12,919700,28.0,E
梅安森,15:00:26,28.83,65300,28.8,E
飞利信,15:00:26,19.05,513300,19.03,E
利德曼,15:00:26,19.8,158500,19.8,E
荣科科技,15:00:26,25.4,177500,25.4,E
蓝英装备,15:00:26,25.13,104823,25.12,E
博雅生物,15:00:26,41.04,48900,41.04,D
三六五网,15:00:26,55.09,57800,55.28,E
蓝盾股份,15:00:26,21.45,750984,21.44,E
三诺生物,15:00:26,36.74,41600,36.74,E
同有科技,15:00:26,82.29,36100,82.28,E
聚飞光电,15:00:26,10.94,203302,10.94,E
云意电气,15:00:26,26.75,76750,26.75,E
裕兴股份,15:00:26,30.77,98000,30.75,E
慈星股份,15:00:26,16.44,243376,16.45,E
中际装备,15:00:26,21.3,150161,21.26,E
戴维医疗,15:00:26,36.8,284418,36.7,E
掌趣科技,15:00:26,15.01,1998304,15.01,E
晶盛机电,15:00:26,15.16,280000,15.15,E
珈伟股份,15:00:26,27.69,158250,27.68,E
博晖创新,15:00:26,24.48,139600,24.48,E
麦捷科技,15:00:26,34.1,76100,34.0,E
海达股份,15:00:26,14.8,145792,14.79,E
硕贝德,15:00:26,20.43,218844,20.42,E
德威新材,15:00:26,18.88,85800,18.89,E
宜安科技,15:00:26,36.65,74400,36.62,E
津膜科技,15:00:26,25.89,133500,25.88,E
润和软件,15:00:26,54.53,70750,54.53,E
麦迪电气,15:00:26,24.27,94900,24.25,E
红宇新材,15:00:26,15.03,221560,15.04,E
炬华科技,15:00:26,34.51,121200,34.5,U
汇中股份,15:00:26,38.44,185592,38.35,E
扬杰科技,15:00:26,22.72,116300,22.7,E
鹏翎股份,15:00:26,23.87,229448,23.87,U
赢时胜,15:00:26,98.42,38300,98.43,E
鼎捷软件,15:00:26,65.49,97950,65.44,E
安硕信息,15:00:26,78.41,103010,78.4,E
飞天诚信,15:00:26,55.5,65000,55.49,E
天华超净,15:00:26,52.26,55803,52.32,E
腾信股份,15:00:26,45.35,146330,45.37,E
天孚通信,15:00:26,107.38,28700,107.28,U
飞凯材料,15:00:26,77.75,15300,77.75,D
博济医药,15:00:26,47.51,42100,47.51,U
九强生物,15:00:26,46.88,46100,46.85,E
迦南科技,15:00:26,49.3,43200,49.29,E
快乐购,15:00:26,45.18,105600,45.18,E
中光防雷,15:00:26,50.23,53900,50.23,D
博世科,15:00:26,50.15,24300,50.15,U
鲁亿通,15:00:26,54.83,38700,54.81,E
四通新材,15:00:26,61.32,33350,61.3,U
强力新材,15:00:26,149.35,29286,149.2,E
富临精工,15:00:26,27.85,63304,27.83,E
中泰股份,15:00:26,69.0,21800,68.99,U
鹏辉能源,15:00:26,123.41,20400,123.45,E
美康生物,15:00:26,42.09,45400,42.07,E
普丽盛,15:00:26,73.6,24800,73.6,D
双杰电气,15:00:26,32.5,176300,32.5,E
康斯特,15:00:26,62.11,35900,62.1,E
全信股份,15:00:26,126.22,29200,126.18,E
浩云科技,15:00:26,123.51,25000,123.76,E
汉邦高科,15:00:26,126.95,13000,126.98,E
先导智能,15:00:26,101.4,56900,101.4,E
山河药辅,15:00:26,118.7,25300,118.61,E
三鑫医疗,15:00:26,79.38,28700,79.38,D
赢合科技,15:00:26,73.35,46500,73.33,E
田中精机,15:00:26,67.99,72100,67.99,E
迅游科技,15:00:26,109.3,133650,109.63,E
信息发展,15:00:26,134.47,26900,134.45,U
德尔股份,15:00:26,102.45,85900,102.22,E
合纵科技,15:00:26,57.39,74800,57.38,U
杭州高新,15:00:26,71.52,75200,71.53,E
神思电子,15:00:26,108.0,27000,108.25,D
光力科技,15:00:26,68.78,76300,68.78,E
南  玻Ｂ,15:00:23,7.1,212400,7.1,U
长  安Ｂ,15:00:23,17.1,94279,17.22,D
特锐德,15:00:23,30.14,438288,30.11,E
乐普医疗,15:00:23,39.54,97800,39.53,E
探路者,15:00:23,23.58,227500,23.56,U
上海佳豪,15:00:23,26.72,65400,26.73,D
鼎汉技术,15:00:23,27.87,101000,27.86,E
中元华电,15:00:23,36.03,72900,36.01,U
硅宝科技,15:00:23,16.24,95098,16.24,E
吉峰农机,15:00:23,11.43,645600,11.43,E
机器人,15:00:23,73.71,330834,73.7,E
钢研高纳,15:00:23,27.48,179800,27.46,U
新宙邦,15:00:23,47.09,90800,47.09,D
上海凯宝,15:00:23,14.48,394300,14.48,E
回天新材,15:00:23,25.5,227700,25.48,U
朗科科技,15:00:23,47.02,50200,46.93,U
华力创通,15:00:23,24.75,572764,24.74,U
台基股份,15:00:23,24.68,170300,24.65,E
天源迪科,15:00:23,26.6,147709,26.6,E
世纪鼎利,15:00:23,39.57,65200,39.55,U
三五互联,15:00:23,24.0,340228,24.0,E
万顺股份,15:00:23,17.79,197100,17.79,E
蓝色光标,15:00:23,15.11,1508096,15.14,E
东方财富,15:00:23,59.38,757952,59.33,E
豫金刚石,15:00:23,14.41,201244,14.41,E
华平股份,15:00:23,15.51,320860,15.49,U
数字政通,15:00:23,32.6,275862,32.6,E
数码视讯,15:00:23,13.38,1845000,13.37,E
易成新能,15:00:23,10.75,303000,10.75,E
奥克股份,15:00:23,8.28,196200,8.26,E
荃银高科,15:00:23,11.8,274000,11.81,D
高新兴,15:00:23,19.36,1196000,19.36,E
双林股份,15:00:23,27.61,165740,27.63,E
乾照光电,15:00:23,9.58,540000,9.53,E
龙源技术,15:00:23,11.41,288402,11.41,E
西部牧业,15:00:23,20.12,130500,20.12,D
双龙股份,15:00:23,17.24,106200,17.24,D
向日葵,15:00:23,6.45,555400,6.44,E
万讯自控,15:00:23,20.6,194500,20.58,E
中航电测,15:00:23,48.0,35406,48.0,U
长盈精密,15:00:23,33.31,49400,33.31,U
坚瑞消防,15:00:23,10.85,230150,10.85,E
阳谷华泰,15:00:23,13.51,157600,13.52,D
汇川技术,15:00:23,46.88,122400,46.85,E
锐奇股份,15:00:23,18.94,165900,18.93,U
银河磁体,15:00:23,18.4,89783,18.4,U
锦富新材,15:00:23,25.16,289200,25.17,D
泰胜风能,15:00:23,9.37,253800,9.36,E
新国都,15:00:23,40.88,131100,40.88,U
大富科技,15:00:23,33.7,1070688,33.7,E
宝利国际,15:00:23,8.93,993736,8.9,E
先河环保,15:00:23,21.34,86600,21.31,E
晓程科技,15:00:23,18.23,96800,18.22,U
启源装备,15:00:23,26.68,458100,26.67,E
宋城演艺,15:00:23,31.0,409087,31.26,E
香雪制药,15:00:23,23.87,356000,23.87,E
世纪瑞尔,15:00:23,15.62,226097,15.61,E
昌红科技,15:00:23,22.31,616800,22.3,E
科融环境,15:00:23,12.27,497000,12.27,E
瑞凌股份,15:00:23,14.85,200500,14.83,E
安居宝,15:00:23,18.39,297585,18.39,E
恒泰艾普,15:00:23,12.41,194100,12.42,D
新研股份,15:00:23,15.62,285900,15.62,U
汉得信息,15:00:23,21.37,758300,21.37,E
朗源股份,15:00:23,12.3,351450,12.29,U
中海达,15:00:23,19.61,195600,19.6,U
捷成股份,15:00:23,24.19,239600,24.19,U
力源信息,15:00:23,19.11,189400,19.1,U
通裕重工,15:00:23,9.2,266300,9.2,U
永清环保,15:00:23,49.94,145300,49.9,E
神农基因,15:00:23,8.47,973504,8.46,E
潜能恒信,15:00:23,44.41,229100,44.39,E
长荣股份,15:00:23,24.9,163600,24.88,E
长海股份,15:00:23,33.82,50600,33.83,D
翰宇药业,15:00:23,26.5,146300,26.48,U
高盟新材,15:00:23,16.95,177900,16.89,E
海伦哲,15:00:23,20.36,204348,20.36,E
聚龙股份,15:00:23,37.1,194600,37.19,D
舒泰神,15:00:23,38.66,71915,38.61,U
天喻信息,15:00:23,23.57,390600,23.58,E
恒顺众N,15:00:23,21.98,418200,21.97,E
佳讯飞鸿,15:00:23,40.69,54050,40.69,E
东方电热,15:00:23,15.11,208953,15.1,U
鸿利光电,15:00:23,15.25,361352,15.25,E
金力泰,15:00:23,8.75,339400,8.74,E
上海钢联,15:00:23,54.6,154000,54.56,E
拓尔思,15:00:23,35.29,259896,35.27,E
美晨科技,15:00:23,12.05,229400,12.04,E
东宝生物,15:00:23,17.5,91100,17.49,U
飞力达,15:00:23,21.36,168200,21.36,E
迪安诊断,15:00:23,73.2,45082,73.19,U
宝莱特,15:00:23,36.85,257100,36.81,U
依米康,15:00:23,28.48,70800,28.44,U
光线传媒,15:00:23,33.44,777600,33.5,E
金信诺,15:00:23,38.89,56800,38.89,E
开山股份,15:00:23,30.49,189800,30.5,D
新莱应材,15:00:23,33.36,69400,33.25,U
隆华节能,15:00:23,22.95,643852,22.87,U
佳创视讯,15:00:23,19.56,189875,19.53,E
兴源环境,15:00:23,53.3,110200,53.05,U
华宇软件,15:00:23,55.3,142369,55.23,U
三丰智能,15:00:23,27.6,305071,27.58,U
海联讯,15:00:23,47.91,173100,47.89,E
汇冠股份,15:00:23,34.12,70900,34.11,E
苏交科,15:00:23,22.95,160272,22.89,U
安科瑞,15:00:23,33.77,42100,33.82,D
华录百纳,15:00:23,40.96,79600,40.95,U
利亚德,15:00:23,24.22,141200,24.22,E
汉鼎股份,15:00:23,30.29,164800,30.27,U
长方照明,15:00:23,9.45,443573,9.42,E
吉艾科技,15:00:23,23.53,327000,23.52,E
任子行,15:00:23,42.58,189900,42.53,U
邦讯技术,15:00:23,48.51,160000,48.56,E
同大股份,15:00:23,112.07,18305,112.07,D
天壕环境,15:00:23,23.96,87200,23.95,E
兆日科技,15:00:23,52.99,537600,52.99,E
新文化,15:00:23,42.31,126000,42.34,E
银邦股份,15:00:23,9.69,292060,9.68,U
开元仪器,15:00:23,18.55,203300,18.55,U
泰格医药,15:00:23,31.9,94700,31.9,U
北信源,15:00:23,62.8,81000,62.6,E
东土科技,15:00:23,25.53,174500,25.49,U
全通教育,15:00:23,97.81,76665,97.81,E
中文在线,15:00:23,206.51,30040,206.51,E
创意信息,15:00:23,78.0,77900,77.8,E
绿盟科技,15:00:23,55.74,141400,55.74,U
欣泰电气,15:00:23,18.27,62500,18.25,E
恒通科技,15:00:23,28.02,91600,27.98,E
光环新网,15:00:23,67.55,144300,67.55,E
国祯环保,15:00:23,36.0,136600,35.99,E
艾比森,15:00:23,40.48,44800,40.48,U
菲利华,15:00:23,44.84,98800,44.8,E
迪瑞医疗,15:00:23,50.39,60500,50.35,U
天和防务,15:00:23,94.64,41200,94.63,U
京天利,15:00:23,64.1,48900,64.13,U
劲拓股份,15:00:23,42.62,145950,42.62,U
地尔汉宇,15:00:23,60.75,29365,60.75,U
正业科技,15:00:23,57.59,142445,57.6,D
伊之密,15:00:23,24.14,87500,24.14,E
南华仪器,15:00:23,112.58,19214,112.58,E
昆仑万维,15:00:23,50.03,438554,50.02,E
航新科技,15:00:23,87.95,31400,87.94,U
环能科技,15:00:23,46.05,83420,46.0,E
诚益通,15:00:23,63.0,58036,62.98,U
蓝思科技,15:00:23,88.0,44500,87.99,E
广生堂,15:00:23,90.5,29821,90.51,D
金雷风电,15:00:23,234.7,30850,234.87,E
创业软件,15:00:23,211.88,27200,211.66,E
康拓红外,15:00:23,49.7,72500,49.64,U
惠伦晶体,15:00:23,37.23,74500,37.2,E
华铭智能,15:00:23,36.98,60200,36.95,U
星徽精密,15:00:23,53.95,69100,53.86,U
高伟达,15:00:23,97.25,43216,97.19,E
赛摩电气,15:00:23,83.99,265399,83.83,E
四方精创,15:00:23,93.61,20900,93.6,U
新元科技,15:00:23,66.51,21500,66.6,E
聚隆科技,15:00:23,34.33,105800,34.32,E
胜宏科技,15:00:23,59.05,53400,59.04,E
濮阳惠成,15:00:23,57.27,45860,57.22,E
平安银行,15:00:20,12.07,920684,12.06,E
国农科技,15:00:20,46.88,39300,46.89,E
深振业Ａ,15:00:20,11.48,410344,11.49,E
神州高铁,15:00:20,11.8,451500,11.8,E
中国宝安,15:00:20,18.19,1016672,18.19,E
深物业A,15:00:20,14.95,99100,14.94,E
南  玻Ａ,15:00:20,12.06,1259100,12.06,E
沙河股份,15:00:20,22.0,228500,21.89,E
深康佳Ａ,15:00:20,7.46,1104408,7.45,E
深中华A,15:00:20,14.85,242950,14.84,E
深科技,15:00:20,12.85,575496,12.85,E
深赤湾Ａ,15:00:20,19.78,119660,19.79,E
特  力Ａ,15:00:20,92.0,295352,92.0,E
深深房Ａ,15:00:20,13.73,324750,13.72,E
富奥股份,15:00:20,9.46,109600,9.46,E
中粮地产,15:00:20,14.73,734800,14.73,E
深桑达Ａ,15:00:20,25.1,85300,25.09,E
深信泰丰,15:00:20,22.41,200868,22.42,E
华联控股,15:00:20,7.85,222348,7.84,E
深南电Ａ,15:00:20,12.89,298119,12.88,E
中集集团,15:00:20,20.73,243760,20.73,D
宝安地产,15:00:20,15.68,142000,15.68,E
中洲控股,15:00:20,21.6,361500,21.5,E
深纺织Ａ,15:00:20,14.65,257500,14.68,D
泛海控股,15:00:20,12.47,145400,12.46,E
德赛电池,15:00:20,61.09,96700,61.09,E
农 产 品,15:00:20,18.32,792176,18.31,E
深圳华强,15:00:20,39.83,181450,39.82,E
中兴通讯,15:00:20,18.63,587600,18.63,E
*ST华赛,15:00:20,12.1,116800,12.09,U
特发信息,15:00:20,27.99,72500,27.99,U
海王生物,15:00:20,20.21,409180,20.2,E
盐 田 港,15:00:20,8.39,159100,8.39,U
深圳机场,15:00:20,8.28,269601,8.28,U
天健集团,15:00:20,18.85,122763,18.84,E
广聚能源,15:00:20,17.34,225300,17.34,E
中信海直,15:00:20,15.47,382776,15.44,E
TCL 集团,15:00:20,4.13,3004896,4.13,E
宜华健康,15:00:20,37.8,42300,37.8,U
中成股份,15:00:20,25.35,151500,25.34,U
华数传媒,15:00:20,36.18,246472,36.18,E
中联重科,15:00:20,5.45,1478504,5.43,E
常山股份,15:00:20,19.75,288700,19.75,E
国际实业,15:00:20,8.81,212100,8.81,E
申万宏源,15:00:20,11.02,700304,11.02,E
东方市场,15:00:20,6.25,257000,6.24,E
美的集团,15:00:20,30.18,189300,30.18,E
潍柴动力,15:00:20,9.9,476204,9.9,U
许继电气,15:00:20,19.67,286100,19.66,E
冀东水泥,15:00:20,12.14,344728,12.13,E
华意压缩,15:00:20,9.88,287700,9.88,E
胜利股份,15:00:20,7.85,665700,7.85,E
山东地矿,15:00:20,10.02,505060,10.0,E
沈阳机床,15:00:20,25.89,852476,25.88,E
东旭光电,15:00:20,9.61,1091404,9.61,E
渤海租赁,15:00:20,8.82,230200,8.81,E
合肥百货,15:00:20,10.64,333500,10.64,E
吉林化纤,15:00:20,7.79,228584,7.78,U
南京中北,15:00:20,9.15,108300,9.15,U
湖北宜化,15:00:20,7.74,275572,7.74,E
东阿阿胶,15:00:20,50.43,152606,50.43,E
徐工机械,15:00:20,4.37,1527896,4.36,E
粤高速Ａ,15:00:20,6.78,456500,6.78,E
晨鸣纸业,15:00:20,8.99,172100,8.99,E
山东路桥,15:00:20,7.74,581900,7.74,E
鄂武商Ａ,15:00:20,20.44,79300,20.44,D
绿景控股,15:00:20,37.2,101800,37.2,U
海虹控股,15:00:20,33.55,470460,33.54,E
南华生物,15:00:20,26.65,93000,26.65,E
珠江控股,15:00:20,10.76,148200,10.76,E
中润资源,15:00:20,9.21,394820,9.21,E
华塑控股,15:00:20,9.19,246200,9.2,E
*ST金路,15:00:20,8.56,152500,8.56,E
丽珠集团,15:00:20,51.18,50800,51.18,E
渝 开 发,15:00:20,9.82,454000,9.83,E
国际医学,15:00:20,20.37,606900,20.36,E
荣安地产,15:00:20,7.14,601700,7.13,U
四环生物,15:00:20,7.18,607704,7.18,D
美菱电器,15:00:20,7.34,132500,7.35,E
广州浪奇,15:00:20,15.17,132100,15.12,E
岭南控股,15:00:20,18.7,65800,18.71,E
红 太 阳,15:00:20,17.49,108900,17.52,D
大冷股份,15:00:20,17.91,114788,17.91,E
力合股份,15:00:20,23.39,205500,23.4,E
万 家 乐,15:00:20,9.13,607548,9.12,E
华映科技,15:00:20,15.32,290423,15.3,E
广宇发展,15:00:20,10.9,1463900,10.88,E
云南白药,15:00:20,72.92,31200,72.92,E
粤电力Ａ,15:00:20,7.55,164200,7.54,E
中天城投,15:00:20,10.76,676128,10.76,E
佛山照明,15:00:20,15.47,187960,15.45,E
皖能电力,15:00:20,9.13,982800,9.13,E
中原环保,15:00:20,19.35,146800,19.35,E
金浦钛业,15:00:20,8.71,589400,8.7,E
航天发展,15:00:20,20.61,344400,20.61,E
湖南投资,15:00:20,11.29,200100,11.29,U
创元科技,15:00:20,12.94,205400,12.94,E
靖远煤电,15:00:20,9.33,103100,9.35,E
泰山石油,15:00:20,11.71,373000,11.71,U
*ST广夏,15:00:20,7.53,145900,7.53,E
莱茵体育,15:00:20,27.35,919448,27.23,E
万向钱潮,15:00:20,22.67,623700,22.67,E
昆百大Ａ,15:00:20,12.94,69834,12.94,U
陕国投Ａ,15:00:20,12.07,157300,12.07,E
西安民生,15:00:20,15.75,357902,15.73,E
渝三峡Ａ,15:00:20,14.1,186150,14.1,E
海南海药,15:00:20,45.38,127900,45.38,E
海德股份,15:00:20,33.35,77900,33.35,E
泸州老窖,15:00:20,25.6,175821,25.59,E
苏常柴Ａ,15:00:20,11.58,558600,11.55,E
新大洲Ａ,15:00:20,8.23,562500,8.23,E
海马汽车,15:00:20,6.39,592700,6.39,E
广东甘化,15:00:20,17.9,161900,17.85,E
威孚高科,15:00:20,24.71,309542,24.7,E
北部湾港,15:00:20,21.5,235600,21.39,U
金叶珠宝,15:00:20,20.2,330200,20.19,E
黔轮胎Ａ,15:00:20,7.3,271300,7.3,E
*ST古汉,15:00:20,23.75,131400,23.84,D
桐 君 阁,15:00:20,22.65,115700,22.62,E
平潭发展,15:00:20,21.27,425100,21.27,E
大通燃气,15:00:20,13.72,125100,13.69,E
青岛双星,15:00:20,8.91,535000,8.9,E
建投能源,15:00:20,10.58,125100,10.58,E
韶能股份,15:00:20,12.54,534900,12.53,E
渤海股份,15:00:20,25.8,86700,25.8,U
华媒控股,15:00:20,15.16,424900,15.16,E
阳光股份,15:00:20,5.74,129242,5.74,E
绵世股份,15:00:20,14.87,176500,14.85,E
焦作万方,15:00:20,7.5,563300,7.48,U
湖北金环,15:00:20,15.94,61210,15.91,E
海航投资,15:00:20,8.2,814400,8.19,U
石油济柴,15:00:20,15.03,107700,15.03,D
海螺型材,15:00:20,15.35,77700,15.35,E
新华联,15:00:20,10.49,116700,10.49,E
恒立实业,15:00:20,17.9,277000,17.87,U
吉林敖东,15:00:20,30.5,377380,30.49,E
长安汽车,15:00:20,16.72,329400,16.72,U
天茂集团,15:00:20,10.84,623800,10.84,E
高新发展,15:00:20,16.9,210001,16.9,E
铜陵有色,15:00:20,3.81,4328416,3.81,E
顺发恒业,15:00:20,10.28,138700,10.27,U
三木集团,15:00:20,10.42,103700,10.43,E
合金投资,15:00:20,16.4,218400,16.33,E
英 力 特,15:00:20,13.19,74200,13.19,U
风华高科,15:00:20,11.13,349828,11.13,U
茂化实华,15:00:20,8.94,573900,8.93,E
万方发展,15:00:20,27.1,154400,27.1,E
西王食品,15:00:20,17.83,80900,17.83,E
仁和药业,15:00:20,10.71,486400,10.71,E
格力电器,15:00:20,21.13,841808,21.13,E
泰达股份,15:00:20,6.49,279300,6.5,E
金科股份,15:00:20,5.67,495896,5.67,E
索芙特,15:00:20,26.79,81400,26.79,U
永安林业,15:00:20,17.1,70200,17.1,D
湖北广电,15:00:20,20.78,189700,20.79,E
美好集团,15:00:20,5.07,1964304,5.07,E
荣丰控股,15:00:20,28.73,80300,28.78,D
金鸿能源,15:00:20,22.69,90500,22.69,E
盈方微,15:00:20,15.62,477700,15.62,E
阳 光 城,15:00:20,9.99,1422256,9.99,E
上峰水泥,15:00:20,8.82,198900,8.82,E
当代东方,15:00:20,36.66,61179,36.59,E
智度投资,15:00:20,35.9,301500,35.9,E
襄阳轴承,15:00:20,10.25,111000,10.24,U
大连友谊,15:00:20,21.9,330202,21.9,E
山推股份,15:00:20,6.78,191612,6.77,E
视觉中国,15:00:20,37.5,133400,37.48,E
东方电子,15:00:20,6.67,421304,6.67,E
远兴能源,15:00:20,5.44,509882,5.44,U
中山公用,15:00:20,14.32,900650,14.31,U
东北证券,15:00:20,17.79,1079104,17.78,E
华讯方舟,15:00:20,28.5,401900,28.45,E
建新矿业,15:00:20,10.9,734486,10.89,E
宝新能源,15:00:20,10.37,295800,10.36,E
亚太实业,15:00:20,12.28,1009400,12.28,E
华泽钴镍,15:00:20,21.23,682744,21.23,E
沈阳化工,15:00:20,7.89,624100,7.89,E
模塑科技,15:00:20,25.25,106000,25.25,E
正虹科技,15:00:20,15.74,94500,15.73,E
恒逸石化,15:00:20,11.06,222893,11.06,E
浙江震元,15:00:20,19.0,286554,19.03,E
双环科技,15:00:20,8.7,1330900,8.7,E
大冶特钢,15:00:20,11.24,87327,11.23,E
锦龙股份,15:00:20,28.52,285900,28.5,E
丰乐种业,15:00:20,12.9,161260,12.89,E
中兴商业,15:00:20,13.58,82200,13.55,U
黑芝麻,15:00:20,15.14,231724,15.14,E
韶钢松山,15:00:20,5.22,440400,5.21,E
苏宁环球,15:00:20,13.25,359352,13.25,E
大地传媒,15:00:20,21.31,144016,21.29,E
新能泰山,15:00:20,9.73,574800,9.73,E
西安饮食,15:00:20,9.28,924152,9.28,E
湖南发展,15:00:20,20.29,184100,20.29,U
美锦能源,15:00:20,12.22,551400,12.22,E
京东方Ａ,15:00:20,3.04,3829184,3.03,E
鲁  泰Ａ,15:00:20,14.31,346800,14.31,E
华东科技,15:00:20,10.03,155177,10.01,U
国元证券,15:00:20,24.28,214100,24.26,U
四川美丰,15:00:20,9.66,327000,9.65,E
泰禾集团,15:00:20,25.35,45800,25.33,U
振华科技,15:00:20,22.92,196465,22.95,E
罗 牛 山,15:00:20,7.95,733752,7.96,E
南风化工,15:00:20,6.49,288100,6.48,E
中航动控,15:00:20,33.14,278532,33.1,E
国海证券,15:00:20,12.85,540172,12.85,E
西藏发展,15:00:20,17.91,107968,17.91,E
漳州发展,15:00:20,6.47,557208,6.46,E
山西三维,15:00:20,10.36,434100,10.36,E
新华制药,15:00:20,12.67,172000,12.67,E
浩物股份,15:00:20,11.75,153800,11.75,U
中色股份,15:00:20,15.74,460166,15.75,E
中百集团,15:00:20,8.5,497102,8.46,E
斯太尔,15:00:20,20.81,621800,20.8,E
本钢板材,15:00:20,6.5,842872,6.5,E
西藏矿业,15:00:20,27.85,963076,27.85,E
通化金马,15:00:20,17.88,261400,17.88,E
漳泽电力,15:00:20,5.92,265400,5.91,E
中航飞机,15:00:20,24.96,452464,24.94,E
广发证券,15:00:20,21.15,1066560,21.14,E
中核科技,15:00:20,34.04,344860,34.03,E
新兴铸管,15:00:20,6.64,638200,6.64,E
平庄能源,15:00:20,5.8,270200,5.8,E
长江证券,15:00:20,12.64,775496,12.64,E
武汉中商,15:00:20,15.91,383700,15.67,E
北新建材,15:00:20,12.0,435636,11.99,E
万年青,15:00:20,8.8,1018900,8.8,E
甘肃电投,15:00:20,15.45,120600,15.45,U
盐湖股份,15:00:20,24.01,354100,23.97,E
华闻传媒,15:00:20,14.3,687476,14.34,E
太原刚玉,15:00:20,13.93,596250,13.93,E
中国武夷,15:00:20,23.17,147000,23.17,E
*ST酒鬼,15:00:20,18.02,118700,18.02,E
四川九洲,15:00:20,28.85,46900,28.83,E
银河生物,15:00:20,28.69,596800,28.69,E
云铝股份,15:00:20,7.89,1191896,7.9,E
铁岭新城,15:00:20,5.79,292672,5.79,D
烟台冰轮,15:00:20,17.41,378198,17.4,E
陕西金叶,15:00:20,13.34,311300,13.33,E
*ST美利,15:00:20,28.15,65900,28.14,E
方大化工,15:00:20,9.1,390100,9.09,E
京山轻机,15:00:20,15.91,294300,15.9,E
山东海化,15:00:20,7.23,311100,7.23,U
超声电子,15:00:20,11.53,286500,11.52,E
太钢不锈,15:00:20,4.18,297500,4.17,U
启迪桑德,15:00:20,39.85,199000,39.8,U
五矿稀土,15:00:20,21.57,595308,21.57,E
长城动漫,15:00:20,21.69,434200,21.69,E
秦川机床,15:00:20,14.98,207875,14.98,E
承德露露,15:00:20,16.71,379800,16.7,E
华茂股份,15:00:20,8.9,352128,8.9,E
石化机械,15:00:20,21.27,74400,21.27,E
冀东装备,15:00:20,15.21,201150,15.21,E
五 粮 液,15:00:20,25.54,510292,25.54,E
国风塑业,15:00:20,6.45,218800,6.44,E
顺鑫农业,15:00:20,20.33,234900,20.32,E
海印股份,15:00:20,8.51,981760,8.5,E
银星能源,15:00:20,9.57,173200,9.57,E
三湘股份,15:00:20,12.38,309708,12.38,E
安凯客车,15:00:20,9.58,346240,9.58,E
吉电股份,15:00:20,9.63,631132,9.62,E
天山股份,15:00:20,8.17,193800,8.15,E
云南铜业,15:00:20,14.25,2167760,14.25,E
大连国际,15:00:20,17.51,149300,17.51,D
华联股份,15:00:20,5.8,2582352,5.82,E
湖北能源,15:00:20,6.2,388500,6.19,U
同力水泥,15:00:20,14.97,100500,14.97,E
中鼎股份,15:00:20,23.58,414714,23.57,E
峨眉山Ａ,15:00:20,14.74,114400,14.75,U
茂业通信,15:00:20,15.4,125900,15.35,U
法 尔 胜,15:00:20,13.73,116800,13.72,U
东凌粮油,15:00:20,18.17,246891,18.2,E
双汇发展,15:00:20,19.25,114100,19.24,E
津滨发展,15:00:20,5.49,632400,5.49,E
鞍钢股份,15:00:20,4.83,863100,4.83,U
赣能股份,15:00:20,11.3,146000,11.3,D
现代投资,15:00:20,8.33,353900,8.32,E
新洋丰,15:00:20,29.01,128264,29.02,E
云内动力,15:00:20,8.5,168118,8.49,E
厦门港务,15:00:20,13.75,122300,13.74,U
数源科技,15:00:20,18.85,142700,18.83,U
大亚科技,15:00:20,17.89,103100,17.9,E
南宁糖业,15:00:20,18.3,80300,18.29,E
钱江摩托,15:00:20,11.71,173600,11.74,E
山大华特,15:00:20,34.98,54300,34.97,E
华北高速,15:00:20,5.81,226100,5.81,U
电广传媒,15:00:20,28.35,769200,28.32,E
嘉凯城,15:00:20,5.67,275400,5.67,E
金陵药业,15:00:20,17.25,146612,17.24,U
海信科龙,15:00:20,10.0,344900,9.99,E
佳电股份,15:00:20,13.53,206700,13.53,E
河北宣工,15:00:20,17.85,273013,17.83,E
福星股份,15:00:20,15.69,586100,15.69,E
*ST夏利,15:00:20,7.4,181500,7.4,E
中钢国际,15:00:20,17.39,218800,17.36,U
中粮生化,15:00:20,15.74,961200,15.74,E
中 关 村,15:00:20,12.68,617398,12.68,E
华菱钢铁,15:00:20,3.09,659600,3.07,U
神火股份,15:00:20,4.49,251792,4.49,E
四川双马,15:00:20,8.14,329832,8.13,E
冀中能源,15:00:20,5.12,450300,5.11,U
紫光股份,15:00:20,102.8,288052,102.8,E
凯迪生态,15:00:20,13.75,303900,13.75,E
新乡化纤,15:00:20,5.2,418300,5.2,E
建峰化工,15:00:20,9.84,254400,9.84,E
中国重汽,15:00:20,17.58,86700,17.58,E
河池化工,15:00:20,15.68,112200,15.68,D
欣龙控股,15:00:20,10.47,451088,10.42,E
中通客车,15:00:20,25.35,114200,25.32,E
东方能源,15:00:20,23.92,186800,23.92,E
锡业股份,15:00:20,13.75,514572,13.75,E
中南建设,15:00:20,16.21,187000,16.22,D
东方钽业,15:00:20,14.6,980900,14.62,E
华东医药,15:00:20,80.8,36623,81.0,D
上风高科,15:00:20,25.92,60300,25.9,U
安泰科技,15:00:20,13.02,178198,13.01,E
中科三环,15:00:20,15.07,227400,15.07,E
佛塑科技,15:00:20,13.0,1466304,12.99,E
银泰资源,15:00:20,14.06,428014,14.03,E
*ST春晖,15:00:20,10.42,123200,10.42,U
浪潮信息,15:00:20,30.74,339600,30.73,E
桂林旅游,15:00:20,13.03,100600,13.03,E
中弘股份,15:00:20,4.19,5019312,4.18,E
华工科技,15:00:20,22.18,1263808,22.18,E
诚志股份,15:00:20,25.56,120100,25.56,E
闽东电力,15:00:20,10.55,247200,10.52,U
中国中期,15:00:20,29.15,367600,29.14,E
新 大 陆,15:00:20,24.43,340960,24.43,E
隆平高科,15:00:20,20.36,319900,20.36,E
宗申动力,15:00:20,14.53,304800,14.53,E
豫能控股,15:00:20,14.03,54800,14.04,D
新 和 成,15:00:20,16.6,163408,16.6,E
鸿达兴业,15:00:20,26.46,284300,26.46,E
伟星股份,15:00:20,19.85,186944,19.8,E
华邦健康,15:00:20,15.41,930496,15.41,E
德豪润达,15:00:20,9.32,260800,9.32,E
华兰生物,15:00:20,41.07,65400,41.04,U
大族激光,15:00:20,26.23,231400,26.21,E
天奇股份,15:00:20,19.28,88100,19.28,E
传化股份,15:00:20,24.73,116300,24.72,E
盾安环境,15:00:20,16.18,510700,16.18,E
中航机电,15:00:20,22.14,129301,22.14,E
永新股份,15:00:20,20.97,334100,20.97,D
东信和平,15:00:20,18.98,254760,18.98,E
亿帆鑫富,15:00:20,39.54,481548,39.46,E
中捷资源,15:00:20,12.23,119500,12.21,U
科华生物,15:00:20,29.41,553700,29.37,E
海特高新,15:00:20,19.04,170750,19.02,E
苏宁云商,15:00:20,14.08,2865696,14.08,E
航天电器,15:00:20,26.68,198050,26.67,U
山东威达,15:00:20,15.75,435188,15.75,E
思源电气,15:00:20,16.85,360900,16.85,E
七 匹 狼,15:00:20,13.08,411296,13.07,E
巨轮智能,15:00:20,16.66,373028,16.65,E
苏 泊 尔,15:00:20,26.41,16100,26.34,U
丽江旅游,15:00:20,15.25,205200,15.24,E
美 欣 达,15:00:20,44.8,36300,44.82,D
华帝股份,15:00:20,16.32,68400,16.32,E
汉麻产业,15:00:20,28.4,203800,28.35,E
久联发展,15:00:20,27.3,98700,27.29,E
双鹭药业,15:00:20,33.96,545950,33.96,D
黔源电力,15:00:20,19.55,149300,19.55,E
登海种业,15:00:20,16.6,176500,16.59,E
华孚色纺,15:00:20,12.9,215100,12.9,E
国光电器,15:00:20,21.0,319800,20.98,U
宝鹰股份,15:00:20,11.1,269100,11.11,E
三花股份,15:00:20,9.86,421464,9.84,E
中工国际,15:00:20,24.52,69473,24.5,E
同洲电子,15:00:20,13.05,503100,13.04,E
德美化工,15:00:20,13.48,295400,13.47,E
得润电子,15:00:20,39.24,117000,39.24,U
中钢天源,15:00:20,16.87,151100,16.85,U
威 尔 泰,15:00:20,27.83,98800,27.84,E
粤 水 电,15:00:20,9.48,202200,9.47,E
江山化工,15:00:20,8.84,856120,8.83,E
宏润建设,15:00:20,10.14,225952,10.14,E
远光软件,15:00:20,24.05,435000,24.04,E
华峰氨纶,15:00:20,6.65,395700,6.64,E
东华软件,15:00:20,25.17,1213400,25.17,E
瑞泰科技,15:00:20,20.05,105700,20.05,E
景兴纸业,15:00:20,9.82,1260600,9.81,E
黑猫股份,15:00:20,9.13,136900,9.12,E
獐 子 岛,15:00:20,13.96,228175,13.96,E
众和股份,15:00:20,30.26,3479960,30.15,E
长城影视,15:00:20,19.0,197853,19.0,E
凯瑞德,15:00:20,26.45,163600,26.45,E
软控股份,15:00:20,17.04,325400,17.04,U
国轩高科,15:00:20,37.15,201601,37.14,U
雪 莱 特,15:00:20,17.09,238900,17.07,E
太阳纸业,15:00:20,5.5,266100,5.5,E
苏州固锝,15:00:20,10.92,981200,10.92,E
中材科技,15:00:20,25.52,204200,25.51,U
金 螳 螂,15:00:20,19.3,627400,19.29,E
孚日股份,15:00:20,8.26,736252,8.25,E
海鸥卫浴,15:00:20,13.27,385950,13.26,E
东方海洋,15:00:20,29.0,135700,28.98,U
新野纺织,15:00:20,8.37,241100,8.36,U
鲁阳节能,15:00:20,16.66,49200,16.66,E
金智科技,15:00:20,41.3,82951,41.25,E
中泰化学,15:00:20,9.74,791412,9.74,E
国脉科技,15:00:20,14.49,544484,14.48,E
生 意 宝,15:00:20,83.58,188640,83.57,E
南岭民爆,15:00:20,24.24,128200,24.23,U
山河智能,15:00:20,10.36,345450,10.37,E
浔兴股份,15:00:20,15.81,124800,15.81,E
海翔药业,15:00:20,20.59,196750,20.58,E
恒宝股份,15:00:20,25.4,867912,25.39,E
信隆实业,15:00:20,11.71,272800,11.71,E
莱宝高科,15:00:20,13.66,231800,13.66,E
沧州明珠,15:00:20,17.73,347548,17.73,E
罗平锌电,15:00:20,21.54,295000,21.53,E
三维通信,15:00:20,16.67,576260,16.66,E
中国海诚,15:00:20,18.55,118179,18.55,E
东港股份,15:00:20,45.69,145099,45.69,D
紫鑫药业,15:00:20,20.41,177622,20.4,U
康强电子,15:00:20,21.84,200800,21.84,E
新海股份,15:00:20,28.06,87525,28.06,E
科陆电子,15:00:20,29.95,116800,29.91,E
天马股份,15:00:20,7.92,182366,7.91,U
荣信股份,15:00:20,22.2,385400,22.19,E
湘潭电化,15:00:20,24.29,50400,24.29,U
银轮股份,15:00:20,20.6,318500,20.6,U
新民科技,15:00:20,19.29,133579,19.3,E
露天煤业,15:00:20,9.27,463000,9.25,E
沃尔核材,15:00:20,23.9,580324,23.9,E
恒星科技,15:00:20,7.51,253900,7.52,E
广宇集团,15:00:20,10.25,514500,10.25,E
天津普林,15:00:20,14.52,129400,14.53,E
东南网架,15:00:20,12.61,331100,12.63,E
安 纳 达,15:00:20,15.7,160300,15.69,E
拓邦股份,15:00:20,25.1,181630,25.1,E
东华科技,15:00:20,20.63,161700,20.62,E
宏达高科,15:00:20,29.91,205228,29.9,E
中核钛白,15:00:20,14.74,447350,14.73,E
荣盛发展,15:00:20,10.8,533000,10.8,E
西部材料,15:00:20,30.22,144600,30.25,E
北斗星通,15:00:20,51.83,94895,51.83,D
广电运通,15:00:20,31.83,99500,31.83,E
报 喜 鸟,15:00:20,7.49,837852,7.49,E
湖南黄金,15:00:20,9.16,248088,9.16,D
通富微电,15:00:20,20.37,247748,20.37,E
三特索道,15:00:20,29.3,101500,29.37,E
常铝股份,15:00:20,12.65,423800,12.63,U
悦心健康,15:00:20,14.82,250000,14.82,E
中航三鑫,15:00:20,10.84,246400,10.84,E
红 宝 丽,15:00:20,9.11,475400,9.12,E
东方锆业,15:00:20,11.02,421252,11.02,E
深圳惠程,15:00:20,11.87,543000,11.87,E
芭田股份,15:00:20,13.68,1106800,13.68,E
楚江新材,15:00:20,21.7,99900,21.69,E
澳洋科技,15:00:20,15.59,228300,15.59,D
千足珍珠,15:00:20,29.74,110900,29.74,E
江特电机,15:00:20,18.22,2784096,18.21,E
御银股份,15:00:20,11.16,934600,11.15,E
粤 传 媒,15:00:20,15.43,625000,15.42,E
云海金属,15:00:20,17.6,453096,17.53,E
海得控制,15:00:20,38.82,63300,38.8,E
华天科技,15:00:20,18.46,218000,18.45,E
全 聚 德,15:00:20,22.97,114400,22.98,E
广百股份,15:00:20,16.84,51900,16.84,D
新 嘉 联,15:00:20,43.18,89100,43.1,E
利达光电,15:00:20,35.0,97300,35.01,U
成飞集成,15:00:20,40.84,207644,40.84,U
劲嘉股份,15:00:20,15.02,737880,15.02,E
*ST融捷,15:00:20,46.0,50700,46.0,E
山东如意,15:00:20,19.5,203300,19.42,E
武汉凡谷,15:00:20,17.14,125900,17.14,E
二三四五,15:00:20,38.05,162345,38.04,E
方正电机,15:00:20,31.8,137100,31.79,E
证通电子,15:00:20,28.22,588808,28.21,E
嘉应制药,15:00:20,10.98,631754,10.95,E
东晶电子,15:00:20,17.5,316200,17.43,U
金风科技,15:00:20,20.83,325504,20.83,E
海亮股份,15:00:20,11.65,518000,11.65,E
大连重工,15:00:20,10.32,235040,10.32,D
海 利 得,15:00:20,16.62,105600,16.62,U
合肥城建,15:00:20,25.45,65500,25.4,E
飞马国际,15:00:20,23.45,367662,23.44,E
宏达新材,15:00:20,12.19,460100,12.08,U
南洋股份,15:00:20,13.44,368650,13.43,E
大立科技,15:00:20,14.44,234900,14.43,E
三全食品,15:00:20,11.5,176000,11.49,E
合力泰,15:00:20,19.39,85500,19.4,E
拓日新能,15:00:20,10.68,240287,10.68,U
天宝股份,15:00:20,13.68,159300,13.67,E
东华能源,15:00:20,26.31,154600,26.3,U
福晶科技,15:00:20,26.1,358600,26.11,E
鱼跃医疗,15:00:20,40.4,133700,40.38,E
濮耐股份,15:00:20,7.64,190300,7.62,E
江南化工,15:00:20,9.26,377300,9.25,E
奥 特 迅,15:00:20,43.92,294300,43.92,U
鸿博股份,15:00:20,30.36,203900,30.33,E
科大讯飞,15:00:20,37.37,356264,37.37,U
塔牌集团,15:00:20,14.55,469300,14.55,D
民和股份,15:00:20,16.39,79400,16.39,D
大华股份,15:00:20,39.0,168600,38.99,U
恒邦股份,15:00:20,10.21,405300,10.2,E
天威视讯,15:00:20,23.1,132040,23.1,E
歌尔声学,15:00:20,34.9,363032,34.89,U
九阳股份,15:00:20,22.09,368200,22.09,E
通产丽星,15:00:20,13.87,90100,13.86,E
滨江集团,15:00:20,8.57,756800,8.57,D
华东数控,15:00:20,19.11,151699,19.12,E
大洋电机,15:00:20,12.98,409106,12.97,E
联化科技,15:00:20,18.92,114200,18.92,U
步 步 高,15:00:20,16.75,128600,16.75,E
上海莱士,15:00:20,40.1,109850,40.1,E
川大智胜,15:00:20,54.24,91038,54.24,D
海陆重工,15:00:20,10.05,125200,10.04,U
彩虹精化,15:00:20,26.46,158900,26.46,D
升达林业,15:00:20,9.33,220200,9.32,U
拓维信息,15:00:20,41.31,253018,41.31,E
新 华 都,15:00:20,8.76,260100,8.73,E
浙富控股,15:00:20,8.52,496000,8.52,E
陕天然气,15:00:20,12.67,249066,12.65,U
卫 士 通,15:00:20,63.12,130600,63.11,E
东方雨虹,15:00:20,21.22,296200,21.21,E
川润股份,15:00:20,10.29,240400,10.26,U
水晶光电,15:00:20,38.65,429688,38.65,E
华昌化工,15:00:20,13.99,916600,13.99,U
友阿股份,15:00:20,13.98,332000,13.98,E
久其软件,15:00:20,77.5,136461,77.48,E
联络互动,15:00:20,59.65,424250,59.65,E
光迅科技,15:00:20,68.44,168235,68.44,D
天润曲轴,15:00:20,22.42,213720,22.42,D
亚太股份,15:00:20,18.02,1066984,17.94,E
世联行,15:00:20,17.61,327700,17.63,E
奇正藏药,15:00:20,41.98,57700,41.98,U
超华科技,15:00:20,12.11,447900,12.11,E
宇顺电子,15:00:20,35.8,214128,35.8,E
星期六,15:00:20,17.44,109900,17.44,D
罗莱家纺,15:00:20,19.4,308900,19.39,E
信立泰,15:00:20,30.95,50300,30.97,E
精艺股份,15:00:20,20.45,379659,20.45,E
辉煌科技,15:00:20,20.88,220464,20.88,E
博云新材,15:00:20,15.33,144200,15.32,E
太阳电缆,15:00:20,11.64,83337,11.63,E
齐心集团,15:00:20,24.22,239757,24.22,E
美盈森,15:00:20,14.32,557800,14.31,E
南国置业,15:00:20,6.45,321100,6.44,U
北新路桥,15:00:20,11.51,282900,11.51,E
威创股份,15:00:20,23.5,173200,23.5,E
东方园林,15:00:20,26.7,259400,26.7,E
海大集团,15:00:20,14.28,193000,14.28,U
三泰控股,15:00:20,30.21,236520,30.2,E
南山控股,15:00:20,8.87,185200,8.86,U
焦点科技,15:00:20,113.8,48800,113.76,E
键桥通讯,15:00:20,21.28,186700,21.28,E
众生药业,15:00:20,13.08,93300,13.07,U
久立特材,15:00:20,14.82,363672,14.82,E
乐通股份,15:00:20,23.32,702600,23.31,E
华英农业,15:00:20,12.29,415000,12.29,U
理工监测,15:00:20,26.42,110701,26.42,E
雅百特,15:00:20,36.61,50300,36.6,E
普利特,15:00:20,31.35,112300,31.34,E
永太科技,15:00:20,23.51,505532,23.51,E
皇氏集团,15:00:20,29.12,102040,29.12,E
皖通科技,15:00:20,27.58,410100,27.57,E
仙琚制药,15:00:20,14.83,195564,14.83,E
英威腾,15:00:20,11.45,369700,11.44,E
科华恒盛,15:00:20,41.04,55479,41.04,E
人人乐,15:00:20,14.92,198200,14.92,U
赛象科技,15:00:20,10.57,490500,10.57,E
新纶科技,15:00:20,16.49,858332,16.49,E
巨力索具,15:00:20,7.51,369700,7.51,E
禾欣股份,15:00:20,77.01,315900,77.0,E
海宁皮城,15:00:20,17.17,459900,17.14,E
潮宏基,15:00:20,17.21,222874,17.21,E
柘中股份,15:00:20,19.3,205400,19.38,E
泰尔重工,15:00:20,20.81,108864,20.8,E
精华制药,15:00:20,34.46,75152,34.46,U
北京科锐,15:00:20,19.82,60000,19.82,U
漫步者,15:00:20,28.28,93500,28.28,D
鼎泰新材,15:00:20,31.1,62800,31.06,U
杰瑞股份,15:00:20,25.57,356968,25.56,E
天神娱乐,15:00:20,117.5,87300,117.36,E
兴民钢圈,15:00:20,15.6,218550,15.6,E
浩宁达,15:00:20,28.64,104200,28.64,D
富临运业,15:00:20,16.71,177800,16.7,U
齐星铁塔,15:00:20,32.52,204300,32.52,E
神剑股份,15:00:20,17.94,153600,17.94,E
汉王科技,15:00:20,33.58,874400,33.58,E
中恒电气,15:00:20,30.82,251600,30.81,E
康力电梯,15:00:20,17.19,202050,17.18,E
卓翼科技,15:00:20,13.89,262700,13.89,E
亚太药业,15:00:20,34.62,330700,34.65,E
伟星新材,15:00:20,18.19,82203,18.18,E
千方科技,15:00:20,50.59,134000,50.6,E
亚厦股份,15:00:20,16.24,510652,16.21,E
新北洋,15:00:20,20.56,182500,20.56,E
国创高新,15:00:20,9.85,367100,9.81,E
章源钨业,15:00:20,11.94,250500,11.93,E
双箭股份,15:00:20,18.35,180000,18.34,E
蓝帆医疗,15:00:20,29.93,89301,29.92,E
大北农,15:00:20,12.36,586796,12.35,E
天原集团,15:00:20,8.2,247100,8.2,E
黑牛食品,15:00:20,19.42,278588,19.42,E
新亚制程,15:00:20,11.67,277500,11.67,E
南洋科技,15:00:20,19.7,136100,19.68,E
信邦制药,15:00:20,14.94,502400,14.91,E
长青股份,15:00:20,17.28,126241,17.28,E
北京利尔,15:00:20,8.2,642300,8.2,E
力生制药,15:00:20,53.05,93102,53.01,E
双象股份,15:00:20,24.22,116933,24.2,U
星网锐捷,15:00:20,26.19,383572,26.17,E
梦洁家纺,15:00:20,9.84,229720,9.84,E
海普瑞,15:00:20,34.84,102300,34.83,E
省广股份,15:00:20,25.44,94129,25.41,E
中海科技,15:00:20,23.88,457300,23.94,E
和而泰,15:00:20,23.97,117500,23.97,D
爱仕达,15:00:20,14.25,138466,14.25,D
嘉欣丝绸,15:00:20,11.35,257300,11.35,E
四维图新,15:00:20,44.56,871904,44.54,E
远东传动,15:00:20,12.1,578620,12.1,E
多氟多,15:00:20,71.88,417136,71.76,E
齐翔腾达,15:00:20,13.35,120620,13.35,E
广联达,15:00:20,19.3,354000,19.28,E
九九久,15:00:20,19.75,181100,19.75,E
高德红外,15:00:20,31.86,228300,31.8,U
海康威视,15:00:20,34.65,294400,34.65,E
*ST元达,15:00:20,23.8,80850,23.8,D
毅昌股份,15:00:20,12.08,343800,12.07,E
达实智能,15:00:20,23.31,341300,23.3,E
科伦药业,15:00:20,18.35,202600,18.28,U
中原特钢,15:00:20,15.29,224100,15.28,E
贵州百灵,15:00:20,26.85,247994,26.85,U
凯撒股份,15:00:20,26.12,120309,26.14,D
胜利精密,15:00:20,24.56,248500,24.55,U
尤夫股份,15:00:20,17.34,83200,17.32,E
云南锗业,15:00:20,19.9,635784,19.9,E
兆驰股份,15:00:20,13.79,993352,13.78,U
杭氧股份,15:00:20,11.04,156400,11.02,U
棕榈园林,15:00:20,25.3,115672,25.3,E
九安医疗,15:00:20,27.17,280494,27.16,E
太安堂,15:00:20,15.03,275200,15.02,E
兴森科技,15:00:20,21.09,274700,21.05,E
誉衡药业,15:00:20,31.0,55500,30.99,E
江苏神通,15:00:20,26.85,301100,26.86,E
启明星辰,15:00:20,34.8,313800,34.8,E
闰土股份,15:00:20,18.98,202900,18.98,U
众业达,15:00:20,22.39,135800,22.38,U
巨星科技,15:00:20,18.97,207872,18.96,E
中南重工,15:00:20,28.34,141599,28.34,E
盛路通信,15:00:20,35.42,606318,35.41,E
壹桥海参,15:00:20,9.75,179700,9.75,E
中原内配,15:00:20,13.45,555980,13.45,E
国星光电,15:00:20,16.25,101000,16.25,D
松芝股份,15:00:20,18.23,88589,18.23,E
百川股份,15:00:20,11.12,129200,11.12,E
欧菲光,15:00:20,27.1,368600,27.0,U
青龙管业,15:00:20,13.74,162000,13.74,E
天业通联,15:00:20,19.75,121300,19.73,U
赣锋锂业,15:00:20,60.99,510116,60.99,E
珠江啤酒,15:00:20,15.48,152500,15.48,E
嘉事堂,15:00:20,44.23,60400,44.22,E
沪电股份,15:00:20,6.85,586700,6.84,E
海格通信,15:00:20,17.52,853900,17.52,E
天齐锂业,15:00:20,150.9,123600,150.88,E
二六三,15:00:20,19.05,609000,19.04,E
三维工程,15:00:20,16.19,107500,16.19,U
金正大,15:00:20,20.61,140300,20.63,D
中超控股,15:00:20,10.75,1262856,10.74,E
双环传动,15:00:20,28.99,104200,29.11,E
榕基软件,15:00:20,25.22,567300,25.19,E
立讯精密,15:00:20,34.02,159200,34.02,E
宝莫股份,15:00:20,9.7,295206,9.7,E
雏鹰农牧,15:00:20,17.54,535600,17.53,E
常宝股份,15:00:20,14.11,104300,14.11,D
富春环保,15:00:20,14.61,293100,14.61,E
新筑股份,15:00:20,13.85,175800,13.85,E
广田股份,15:00:20,28.82,164700,28.79,U
江海股份,15:00:20,23.95,141700,23.95,U
嘉麟杰,15:00:20,6.78,617000,6.77,E
金固股份,15:00:20,31.99,193000,31.99,E
浙江永强,15:00:20,12.22,1762736,12.21,E
山东墨龙,15:00:20,10.3,261558,10.3,E
通鼎互联,15:00:20,19.95,497400,19.94,E
恒基达鑫,15:00:20,15.07,121900,15.04,E
佳隆股份,15:00:20,7.45,627704,7.44,E
辉丰股份,15:00:20,29.5,137600,29.48,E
雅化集团,15:00:20,9.24,436600,9.24,D
汉缆股份,15:00:20,8.06,1226896,8.06,E
科林环保,15:00:20,26.23,268320,26.23,E
山西证券,15:00:20,16.85,1722384,16.81,E
利源精制,15:00:20,12.56,238700,12.55,E
搜于特,15:00:20,16.21,195100,16.21,E
大康牧业,15:00:20,7.52,408500,7.52,E
天广消防,15:00:20,19.47,192000,19.47,E
天汽模,15:00:20,15.69,175300,15.67,U
中顺洁柔,15:00:20,11.09,181870,11.08,E
金字火腿,15:00:20,27.4,341252,27.43,E
银河电子,15:00:20,24.95,79650,24.95,E
日发精机,15:00:20,25.88,55400,25.88,U
齐峰新材,15:00:20,12.72,333124,12.74,E
天桥起重,15:00:20,9.25,126027,9.25,U
光正集团,15:00:20,9.51,379206,9.51,U
山东矿机,15:00:20,10.69,369500,10.68,U
新时达,15:00:20,22.97,139300,22.97,U
英飞拓,15:00:20,13.72,306300,13.72,E
海源机械,15:00:20,25.14,113900,25.14,E
天顺风能,15:00:20,14.09,245300,14.08,E
新界泵业,15:00:20,15.46,143600,15.45,U
金杯电工,15:00:20,9.69,556700,9.66,E
林州重机,15:00:20,12.42,321194,12.4,E
西泵股份,15:00:20,77.51,203000,77.55,E
司尔特,15:00:20,12.58,210400,12.58,U
新都化工,15:00:20,16.05,332948,16.03,E
亚太科技,15:00:20,10.18,623422,10.21,E
鸿路钢构,15:00:20,20.79,135300,20.82,D
中化岩土,15:00:20,13.99,282987,13.99,E
万和电气,15:00:20,17.53,49000,17.53,U
新联电子,15:00:20,30.8,45632,30.78,E
春兴精工,15:00:20,12.63,329700,12.63,E
金新农,15:00:20,18.74,457300,18.67,E
凯美特气,15:00:20,13.32,261350,13.32,E
千红制药,15:00:20,22.8,367600,22.81,E
尚荣医疗,15:00:20,30.47,103639,30.45,E
宝鼎重工,15:00:20,17.0,172300,16.99,U
南方轴承,15:00:20,13.42,223200,13.41,E
惠博普,15:00:20,12.81,117200,12.8,U
顺荣三七,15:00:20,54.91,262700,54.91,E
辉隆股份,15:00:20,21.48,504800,21.47,E
世纪游轮,15:00:20,213.01,259371,213.02,E
亚威股份,15:00:20,16.6,241400,16.6,U
徐家汇,15:00:20,15.44,62600,15.44,E
森马服饰,15:00:20,12.28,146990,12.28,U
天沃科技,15:00:20,11.58,547212,11.56,E
上海绿新,15:00:20,12.62,484800,12.62,E
益盛药业,15:00:20,20.35,141900,20.35,U
百润股份,15:00:20,43.63,66250,43.62,E
步森股份,15:00:20,43.25,52700,43.24,E
贝因美,15:00:20,14.79,345800,14.78,E
德力股份,15:00:20,16.68,259100,16.68,E
清新环境,15:00:20,22.69,295200,22.68,E
通达动力,15:00:20,30.21,71800,30.25,E
闽发铝业,15:00:20,10.45,194299,10.44,E
中京电子,15:00:20,14.38,139500,14.38,E
圣阳股份,15:00:20,19.28,75100,19.29,E
未名医药,15:00:20,37.55,65800,37.51,U
海能达,15:00:20,12.97,940880,12.97,E
西陇科学,15:00:20,57.36,79300,57.34,U
双星新材,15:00:20,12.22,186900,12.2,E
围海股份,15:00:20,8.82,256904,8.82,E
奥拓电子,15:00:20,16.1,394364,16.1,U
史丹利,15:00:20,34.4,53114,34.43,E
瑞康医药,15:00:20,36.15,62400,36.15,E
万安科技,15:00:20,23.29,291700,23.29,E
恒大高新,15:00:20,17.08,91142,17.08,D
八菱科技,15:00:20,50.12,107850,50.12,E
日上集团,15:00:20,32.5,91500,32.5,U
比亚迪,15:00:20,63.8,298200,63.8,E
海南瑞泽,15:00:20,44.8,157400,44.9,D
金禾实业,15:00:20,11.0,138300,10.99,U
山东章鼓,15:00:20,14.5,152500,14.53,D
盛通股份,15:00:20,46.0,48000,45.73,U
江粉磁材,15:00:20,11.9,1547096,11.89,E
佰利联,15:00:20,39.9,203635,39.68,E
以岭药业,15:00:20,18.46,232100,18.43,U
龙力生物,15:00:20,15.4,1074704,15.39,E
大连电瓷,15:00:20,17.95,486800,17.93,E
亚夏汽车,15:00:20,17.23,283000,17.21,E
捷顺科技,15:00:20,22.3,527300,22.31,D
爱康科技,15:00:20,12.47,260000,12.46,E
东方精工,15:00:20,14.51,177601,14.5,E
朗姿股份,15:00:20,64.0,139300,64.01,E
哈尔斯,15:00:20,21.19,57300,21.18,U
露笑科技,15:00:20,24.27,154923,24.26,E
丹邦科技,15:00:20,50.6,54400,50.51,E
瑞和股份,15:00:20,43.71,64200,43.7,E
三垒股份,15:00:20,24.53,46700,24.51,E
亚玛顿,15:00:20,52.8,480700,52.75,E
龙生股份,15:00:20,53.95,216100,53.94,E
金达威,15:00:20,15.29,122400,15.28,D
成都路桥,15:00:20,7.04,175000,7.04,E
华西能源,15:00:20,13.94,211400,13.93,E
道明光学,15:00:20,28.0,283100,27.99,E
棒杰股份,15:00:20,38.18,40500,38.18,D
安洁科技,15:00:20,27.6,68800,27.6,E
赞宇科技,15:00:20,27.92,84200,28.06,D
永高股份,15:00:20,9.87,103300,9.86,E
荣之联,15:00:20,55.7,137791,55.65,U
佛慈制药,15:00:20,17.12,323800,17.12,E
华宏科技,15:00:20,24.76,95100,24.76,E
青青稞酒,15:00:20,22.02,75600,22.02,U
卫星石化,15:00:20,10.55,115900,10.55,D
博彦科技,15:00:20,62.79,107687,62.79,E
加加食品,15:00:20,7.85,687524,7.84,E
利君股份,15:00:20,13.98,104800,13.97,U
海思科,15:00:20,22.32,89533,22.35,E
万润科技,15:00:20,48.51,319832,48.55,E
卡奴迪路,15:00:20,24.84,55300,24.83,U
中科金财,15:00:20,91.15,212804,91.0,E
雪迪龙,15:00:20,26.7,187500,26.7,E
中泰桥梁,15:00:20,25.84,68400,25.85,E
克明面业,15:00:20,55.88,24200,55.86,U
京威股份,15:00:20,16.89,98800,16.89,E
普邦园林,15:00:20,8.14,296600,8.13,U
信质电机,15:00:20,28.57,61800,28.58,D
首航节能,15:00:20,30.86,450200,30.99,U
德联集团,15:00:20,12.11,281506,12.11,E
奥马电器,15:00:20,102.6,86710,102.67,E
康达新材,15:00:20,29.69,98100,29.7,E
华声股份,15:00:20,37.68,97700,37.68,E
东江环保,15:00:20,19.88,297900,19.88,E
西部证券,15:00:20,37.86,1020736,37.83,E
东诚药业,15:00:20,46.96,76900,46.96,D
浙江美大,15:00:20,20.27,80150,20.27,E
珠江钢琴,15:00:20,17.44,174956,17.44,E
福建金森,15:00:20,25.36,57300,25.36,E
奋达科技,15:00:20,42.3,342843,42.27,E
龙洲股份,15:00:20,16.89,120100,16.88,E
猛狮科技,15:00:20,30.04,155500,30.06,D
华东重机,15:00:20,10.92,240780,10.92,E
亿利达,15:00:20,18.05,211900,18.03,E
金河生物,15:00:20,22.6,84900,22.6,U
博林特,15:00:20,12.12,582200,12.12,E
美亚光电,15:00:20,34.7,44934,34.71,D
远程电缆,15:00:20,20.02,127415,19.98,U
双成药业,15:00:20,17.45,211100,17.36,E
煌上煌,15:00:20,39.42,57626,39.42,E
红旗连锁,15:00:20,8.07,608488,8.07,E
博实股份,15:00:20,30.76,164870,30.75,E
美盛文化,15:00:20,55.99,60300,56.0,E
新疆浩源,15:00:20,14.82,150700,14.82,D
海欣食品,15:00:20,29.33,536600,29.33,E
浙江世宝,15:00:20,38.7,102500,38.92,D
新宝股份,15:00:20,22.15,113391,22.12,U
光洋股份,15:00:20,17.07,320050,17.05,E
天赐材料,15:00:20,85.65,52600,85.66,E
东易日盛,15:00:20,28.04,37300,28.04,U
牧原股份,15:00:20,49.75,94558,49.73,E
登云股份,15:00:20,35.31,39100,35.3,U
金贵银业,15:00:20,12.3,237060,12.3,E
岭南园林,15:00:20,39.53,148822,39.53,E
金一文化,15:00:20,31.44,379650,31.43,E
金轮股份,15:00:20,39.4,210500,39.4,D
金莱特,15:00:20,24.72,92000,24.72,E
海洋王,15:00:20,23.94,43800,23.93,U
跃岭股份,15:00:20,24.63,44600,24.6,E
龙大肉食,15:00:20,16.0,174900,16.0,E
一心堂,15:00:20,61.2,78000,61.01,E
台城制药,15:00:20,29.59,51200,29.59,E
萃华珠宝,15:00:20,33.19,38200,33.19,U
燕塘乳业,15:00:20,37.77,104200,37.71,U
雄韬股份,15:00:20,25.69,111200,25.69,E
利民股份,15:00:20,37.36,275774,36.48,U
王子新材,15:00:20,49.66,51900,49.66,E
国信证券,15:00:20,20.08,585444,20.07,E
葵花药业,15:00:20,49.63,32537,49.63,U
中矿资源,15:00:20,40.8,35900,40.88,E
万达院线,15:00:20,118.67,85728,118.6,E
爱迪尔,15:00:20,54.29,37000,54.3,D
光华科技,15:00:20,37.98,249112,37.9,E
三圣特材,15:00:20,39.78,85700,39.76,E
富煌钢构,15:00:20,40.93,178700,40.9,E
仙坛股份,15:00:20,41.69,53100,41.63,U
世龙实业,15:00:20,39.54,83100,39.58,D
国光股份,15:00:20,109.71,21400,109.9,E
龙津药业,15:00:20,43.51,79100,43.51,E
易尚展示,15:00:20,131.66,121870,131.63,E
N兴股份,15:00:20,36.34,96800,36.34,U
永东股份,15:00:20,47.97,39700,47.97,U
东方新星,15:00:20,44.1,50150,44.05,E
永兴特钢,15:00:20,59.53,47800,59.53,E
华通医药,15:00:20,107.6,33360,107.6,E
天际股份,15:00:20,47.68,77840,47.68,U
凤形股份,15:00:20,56.8,55200,56.8,U
多喜爱,15:00:20,52.99,216950,52.97,E
汇洁股份,15:00:20,49.99,147400,49.76,E
蓝黛传动,15:00:20,31.76,98700,31.76,E
索菱股份,15:00:20,48.5,192500,48.4,E
先锋电子,15:00:20,48.32,63400,48.32,D
国恩股份,15:00:20,62.88,38850,62.88,U
普路通,15:00:20,88.9,37844,88.9,U
科迪乳业,15:00:20,30.18,173000,30.18,E
众兴菌业,15:00:20,51.5,147500,51.5,E
康弘药业,15:00:20,83.98,20400,83.96,U
文科园林,15:00:20,56.73,56200,56.74,E
世纪星源,15:00:17,10.11,156500,10.11,D
零七股份,15:00:17,21.7,114900,21.72,D
深华新,15:00:17,10.18,245700,10.17,U
深深宝Ａ,15:00:17,18.21,422714,18.19,U
深圳能源,15:00:17,10.25,494900,10.25,U
中航地产,15:00:17,12.93,602550,12.93,E
康达尔,15:00:17,43.3,196918,43.2,U
深天马Ａ,15:00:17,22.4,225400,22.4,U
皇庭国际,15:00:17,29.72,90350,29.76,D
*ST华锦,15:00:17,8.0,199300,8.01,E
中金岭南,15:00:17,15.61,1929088,15.61,E
珠海港,15:00:17,7.37,250500,7.36,E
柳    工,15:00:17,8.32,85100,8.31,E
金圆股份,15:00:17,14.06,404300,14.02,E
烽火电子,15:00:17,11.42,305200,11.42,E
友利控股,15:00:17,14.02,414000,14.02,E
兴蓉环境,15:00:17,7.32,930772,7.32,U
金岭矿业,15:00:17,9.35,154200,9.34,E
经纬纺机,15:00:17,29.65,221200,29.66,E
惠天热电,15:00:17,6.88,144700,6.88,E
河北钢铁,15:00:17,3.45,3178688,3.44,E
普洛药业,15:00:17,8.26,244500,8.25,E
美达股份,15:00:17,15.14,370024,15.14,E
一汽轿车,15:00:17,15.5,358000,15.54,E
北京文化,15:00:17,30.38,86500,30.31,U
金宇车城,15:00:17,26.46,95000,26.39,U
智慧农业,15:00:17,8.49,927896,8.49,U
岳阳兴长,15:00:17,45.21,76477,45.2,E
鲁西化工,15:00:17,6.9,422800,6.9,D
物产中拓,15:00:17,16.07,136000,16.06,U
华西股份,15:00:17,14.19,276900,14.17,U
南天信息,15:00:17,27.8,230158,27.8,U
首钢股份,15:00:17,3.76,451840,3.76,D
长源电力,15:00:17,14.95,104868,14.95,U
煤 气 化,15:00:17,7.8,269700,7.79,U
广州友谊,15:00:17,28.07,171900,28.07,E
凯恩股份,15:00:17,9.86,210500,9.85,U
京新药业,15:00:17,30.58,89200,30.57,U
达安基因,15:00:17,40.91,290960,40.92,D
轴研科技,15:00:17,12.35,90600,12.32,U
横店东磁,15:00:17,29.08,159600,29.0,U
万丰奥威,15:00:17,34.92,99406,34.92,E
新 海 宜,15:00:17,19.33,303200,19.32,U
天康生物,15:00:17,10.07,193280,10.07,U
沃华医药,15:00:17,24.9,220500,24.9,U
威海广泰,15:00:17,33.0,67200,32.99,U
中环股份,15:00:17,12.97,773584,12.98,E
麦达数字,15:00:17,23.03,202950,23.01,U
顺络电子,15:00:17,14.85,434000,14.86,D
宁波银行,15:00:17,15.27,1505400,15.27,E
远 望 谷,15:00:17,25.14,590300,25.13,U
莱茵生物,15:00:17,15.07,241750,15.07,U
延华智能,15:00:17,14.13,327100,14.12,U
中航光电,15:00:17,39.78,110700,39.78,D
怡 亚 通,15:00:17,43.15,272550,43.15,E
云投生态,15:00:17,22.38,64600,22.38,U
启明信息,15:00:17,18.8,431972,18.79,U
泰和新材,15:00:17,16.2,119300,16.2,U
利尔化学,15:00:17,26.75,54300,26.63,U
大 东 南,15:00:17,10.23,1924156,10.19,E
美邦服饰,15:00:17,6.72,768200,6.71,E
洪涛股份,15:00:17,16.45,633600,16.45,U
富安娜,15:00:17,11.88,600000,11.87,E
积成电子,15:00:17,26.44,375372,26.42,U
格林美,15:00:17,14.76,390500,14.75,U
爱施德,15:00:17,17.98,894436,17.9,E
康盛股份,15:00:17,39.69,376016,39.58,E
天虹商场,15:00:17,12.93,183417,12.94,D
摩恩电气,15:00:17,14.09,222500,14.09,D
大金重工,15:00:17,16.15,273300,16.17,E
协鑫集成,15:00:17,12.61,1646000,12.61,E
达华智能,15:00:17,22.4,176800,22.4,D
旷达科技,15:00:17,14.72,219241,14.72,D
浙江众成,15:00:17,19.65,284900,19.64,E
中科英华,15:00:03,10.85,171008,10.84,U
永辉超市,15:00:03,10.5,317096,10.5,D
大唐发电,15:00:03,5.22,205000,5.22,U
永泰能源,14:59:57,4.75,733564,4.73,U
海南椰岛,14:59:57,16.78,124300,16.79,E
中电广通,14:59:57,18.61,115000,18.68,D
同仁堂,14:59:52,37.06,193846,37.06,U
哈高科,14:59:52,11.36,143300,11.32,U
凯乐科技,14:59:52,15.4,354100,15.36,U
信达地产,14:59:52,7.18,233400,7.09,U
国电电力,14:59:52,4.01,855808,4.01,D
洛阳钼业,14:59:52,4.81,682784,4.8,U
南方航空,14:59:47,8.11,658904,8.11,D
黑化股份,14:59:47,19.16,169100,19.08,U
国栋建设,14:59:47,5.22,536400,5.22,D
航天动力,14:59:47,26.49,116400,26.49,U
弘讯科技,14:59:47,35.29,54000,35.2,U
中科曙光,14:59:47,93.0,82030,92.96,U
东贝Ｂ股,14:59:47,2.196,158900,2.161,U
东方航空,14:59:41,7.5,572496,7.51,D
风帆股份,14:59:41,45.88,142400,45.88,D
黑牡丹,14:59:41,11.73,109000,11.73,U
中国软件,14:59:41,35.7,191200,35.72,D
江中药业,14:59:41,36.65,82600,36.62,U
天海投资,14:59:41,10.09,208509,10.07,U
长江传媒,14:59:41,11.15,336200,11.15,D
东方集团,14:59:41,8.44,605660,8.41,U
四川长虹,14:59:41,6.09,520600,6.09,U
创业环保,14:59:41,10.99,125000,10.99,D
厦门空港,14:59:41,23.27,103200,23.27,U
新五丰,14:59:41,15.3,94400,15.25,U
昊华能源,14:59:41,8.45,172872,8.38,U
中国铁建,14:59:41,13.79,234700,13.79,D
旗滨集团,14:59:41,5.68,299400,5.67,U
建设银行,14:59:41,5.79,322400,5.79,U
人民网,14:59:41,23.97,233600,23.96,D
中电电机,14:59:41,54.0,41900,53.95,U
同方股份,14:59:31,17.99,600400,17.97,U
格力地产,14:59:31,21.81,128300,21.77,U
重庆港九,14:59:31,14.14,505700,14.11,U
营口港,14:59:31,4.71,300500,4.7,U
精伦电子,14:59:31,8.11,196300,8.11,D
申华控股,14:59:31,5.6,349600,5.59,U
尖峰集团,14:59:31,17.98,200000,17.9,U
中华企业,14:59:31,7.9,485036,7.89,U
亚星锚链,14:59:31,13.0,227200,12.99,U
华夏银行,14:59:26,11.29,275992,11.27,U
赣粤高速,14:59:26,5.6,200800,5.6,D
蓝星新材,14:59:26,18.29,73300,18.29,D
中化国际,14:59:26,11.42,244798,11.41,U
新赛股份,14:59:26,8.68,108358,8.66,U
三爱富,14:59:26,15.95,143289,15.89,U
云维股份,14:59:26,7.14,169100,7.14,U
山西汾酒,14:59:26,17.24,76214,17.24,U
华东电脑,14:59:26,56.1,85124,55.99,U
株冶集团,14:59:26,13.18,122815,13.18,U
葛洲坝,14:59:21,8.09,481960,8.07,U
天成控股,14:59:21,18.64,310762,18.6,U
联环药业,14:59:21,23.35,157500,23.32,U
亚通股份,14:59:21,15.32,128100,15.33,D
隆基股份,14:59:21,13.93,242700,13.93,U
滨化股份,14:59:21,8.08,505400,8.07,U
北特科技,14:59:21,40.88,31000,40.81,U
东风汽车,14:59:16,8.76,231000,8.76,D
亚盛集团,14:59:16,7.5,326600,7.49,U
农发种业,14:59:16,15.95,205200,15.95,U
方正科技,14:59:16,6.5,407296,6.49,U
隧道股份,14:59:16,11.0,281100,11.01,D
民生银行,14:59:11,8.73,545400,8.73,D
浙能电力,14:59:11,7.79,311600,7.79,U
国电南自,14:59:11,9.91,184500,9.91,D
浦东建设,14:59:11,13.5,167692,13.49,U
龙净环保,14:59:11,18.2,410296,18.2,U
小商品城,14:59:11,9.47,315000,9.48,D
华鲁恒升,14:59:11,14.42,111900,14.42,U
氯碱化工,14:59:11,13.55,112000,13.56,D
中航资本,14:59:11,16.45,448000,16.44,U
东方电气,14:59:11,14.28,266752,14.27,U
北方创业,14:59:11,18.06,253648,18.07,D
吉鑫科技,14:59:11,7.1,228600,7.1,U
红蜻蜓,14:59:11,32.8,65400,32.8,D
中材节能,14:59:11,14.55,233100,14.53,U
石英股份,14:59:11,23.55,113200,23.55,D
航天工程,14:59:11,35.88,91200,35.88,U
金桥Ｂ股,14:59:11,1.78,48000,1.778,U
陆家Ｂ股,14:59:11,4.01,25557,4.026,D
上海电力,14:59:01,15.35,110100,15.34,U
中信证券,14:59:01,19.0,2284848,18.95,U
道博股份,14:59:01,70.98,26500,71.0,D
江泉实业,14:59:01,11.98,340700,11.99,D
华发股份,14:59:01,15.89,255800,15.88,U
迪马股份,14:59:01,11.23,1087704,11.22,U
万家文化,14:59:01,27.35,211600,27.35,D
川投能源,14:59:01,10.69,203100,10.69,U
南宁百货,14:59:01,10.89,329500,10.89,D
广日股份,14:59:01,21.0,134800,21.0,U
博汇纸业,14:59:01,4.01,514500,4.0,U
农业银行,14:59:01,3.27,1318896,3.26,U
陕西黑猫,14:58:51,12.26,76700,12.25,U
中航电子,14:58:46,24.39,117100,24.39,D
丰华股份,14:58:46,21.64,60000,21.59,U
厦工股份,14:58:46,10.2,158800,10.19,U
中煤能源,14:58:46,6.26,297614,6.26,U
光电股份,14:58:41,29.29,77952,29.3,D
恒顺醋业,14:58:41,23.42,62300,23.43,D
红豆股份,14:58:41,23.03,75271,23.06,D
蓝光发展,14:58:41,14.05,243000,14.1,D
科达洁能,14:58:41,22.04,138300,22.04,D
南京医药,14:58:41,10.58,342900,10.59,D
南京熊猫,14:58:41,18.79,197400,18.75,U
友好集团,14:58:41,12.06,118199,12.08,D
新奥股份,14:58:41,15.86,183900,15.84,U
深圳燃气,14:58:41,8.99,374800,8.99,U
兴业银行,14:58:41,16.18,714504,16.18,D
普莱柯,14:58:41,61.34,56600,61.35,E
巢东股份,14:58:31,37.2,193400,37.11,U
金山股份,14:58:31,7.23,297370,7.21,U
汉商集团,14:58:31,20.19,62300,20.16,U
浙江医药,14:58:26,10.9,245480,10.89,U
洪都航空,14:58:26,23.56,101000,23.56,D
海通证券,14:58:26,15.88,652296,15.9,D
中国西电,14:58:26,6.85,282900,6.84,U
翠微股份,14:58:26,11.01,97300,11.02,D
南京高科,14:58:21,19.48,213500,19.48,U
城市传媒,14:58:21,19.42,175600,19.44,D
山东高速,14:58:21,6.75,135700,6.75,D
杭萧钢构,14:58:21,11.65,409408,11.59,U
精工钢构,14:58:21,6.08,320200,6.08,D
华丽家族,14:58:21,13.73,852200,13.72,U
莫高股份,14:58:21,12.9,202004,12.89,U
金杯汽车,14:58:21,4.9,237900,4.88,U
马钢股份,14:58:21,3.28,405400,3.27,U
丹化科技,14:58:21,8.53,122800,8.54,D
宇通客车,14:58:11,21.3,110671,21.33,D
阳泉煤业,14:58:11,6.65,386400,6.63,U
中远航运,14:58:11,12.71,113904,12.71,D
钱江生化,14:58:11,12.64,92600,12.62,U
龙宇燃油,14:58:11,23.18,81874,23.14,U
四通股份,14:58:11,40.88,39600,40.88,U
世茂股份,14:58:01,12.86,182884,12.87,D
有研新材,14:57:55,15.75,472788,15.74,U
江西长运,14:57:55,15.55,189100,15.5,U
中国化学,14:57:55,6.99,238552,6.99,D
首创股份,14:57:50,10.52,217000,10.52,U
亚邦股份,14:57:50,21.93,62600,21.92,U
中航黑豹,14:57:45,16.2,154600,16.2,D
耀皮玻璃,14:57:45,7.75,122500,7.75,U
九州通,14:57:45,19.07,160000,19.09,D
*ST成城,14:57:35,22.5,216437,22.33,U
云煤能源,14:57:30,6.78,515200,6.79,D
中国石油,14:57:30,8.47,1511296,8.48,D
华远地产,14:57:25,7.13,203200,7.13,U
宝诚股份,14:57:25,81.34,30000,81.92,D
海利生物,14:57:25,54.99,50000,54.99,D
亿晶光电,14:57:20,16.32,117390,16.33,D
悦达投资,14:57:15,12.78,267000,12.75,U
成商集团,14:57:15,8.59,101500,8.58,U
大秦铁路,14:57:15,8.78,268592,8.78,U
华润万东,14:57:10,38.99,55391,39.02,D
时代万恒,14:57:10,14.4,117181,14.37,U
鲁抗医药,14:57:10,12.76,204700,12.78,D
明泰铝业,14:57:10,14.94,79728,14.93,U
中国交建,14:57:10,13.81,159300,13.81,D
万通地产,14:57:05,6.41,276600,6.39,U
福达股份,14:57:05,27.76,33700,27.75,U
空港股份,14:57:00,16.4,57901,16.39,U
锦州港,14:56:55,5.7,479750,5.68,U
伊利股份,14:56:55,15.1,318200,15.1,U
中国银行,14:56:55,4.07,1189408,4.07,U
航天通信,14:56:50,23.06,117201,23.03,U
保税科技,14:56:50,7.23,332096,7.23,U
大同煤业,14:56:50,5.61,161630,5.61,U
中房地产,14:56:47,17.49,86800,17.41,U
潍柴重机,14:56:47,15.71,106000,15.8,D
中国联通,14:56:45,6.31,1012384,6.3,U
振华重工,14:56:45,6.12,400500,6.12,U
北大荒,14:56:45,15.32,158200,15.31,U
文峰股份,14:56:45,7.6,219900,7.59,U
索菲亚,14:56:44,39.96,26600,39.94,U
蓉胜超微,14:56:41,30.0,50000,30.11,D
大众公用,14:56:40,10.5,541752,10.49,U
大连港,14:56:40,6.21,1746812,6.2,U
杭锅股份,14:56:35,15.19,50264,15.19,D
冠城大通,14:56:35,8.94,339600,8.95,D
禾嘉股份,14:56:35,17.24,233600,17.25,D
国睿科技,14:56:35,62.2,47243,62.2,D
中国核电,14:56:35,9.93,1169312,9.92,U
杭钢股份,14:56:30,7.95,264330,7.94,U
青松建化,14:56:25,5.89,161848,5.88,U
青海华鼎,14:56:20,14.65,166600,14.64,U
香梨股份,14:56:20,22.78,64700,22.79,D
浦发银行,14:56:15,18.49,346600,18.5,D
华泰证券,14:56:15,20.84,517600,20.85,U
华润三九,14:56:14,26.7,51300,26.68,U
秀强股份,14:56:14,38.05,80400,38.05,D
北京城建,14:56:10,15.62,226800,15.62,U
上海机场,14:56:05,30.44,307800,30.46,D
华业资本,14:56:05,15.27,313008,15.24,U
扬农化工,14:56:05,27.6,100700,27.55,U
上海能源,14:56:05,10.3,105700,10.29,U
湖南海利,14:56:05,11.69,217000,11.69,U
日照港,14:56:00,6.94,356600,6.93,U
中国重工,14:56:00,9.87,1078000,9.86,U
曲美家居,14:56:00,21.77,71410,21.78,D
华斯股份,14:55:59,26.32,92000,26.32,D
思美传媒,14:55:56,124.1,20600,124.1,D
中国卫星,14:55:55,44.03,193976,43.99,U
通葡股份,14:55:55,14.71,133800,14.7,U
北矿磁材,14:55:50,23.3,66600,23.3,U
柳钢股份,14:55:50,4.33,124900,4.33,U
力帆股份,14:55:50,16.7,164100,16.83,D
古井贡酒,14:55:47,33.4,34600,33.38,U
张  裕Ｂ,14:55:47,27.82,39000,27.95,D
方兴科技,14:55:40,20.79,77300,20.78,U
日机密封,14:55:35,143.28,19200,143.28,D
*ST中鲁,14:55:35,18.76,100000,18.74,U
廊坊发展,14:55:30,15.43,114400,15.43,U
士兰微,14:55:30,8.74,249548,8.73,U
上柴股份,14:55:30,13.79,57900,13.77,U
维力医疗,14:55:30,42.7,82300,42.68,U
江南水务,14:55:25,40.56,135633,40.57,D
平煤股份,14:55:25,4.73,339400,4.74,D
三友化工,14:55:20,7.8,193180,7.77,U
安琪酵母,14:55:15,29.5,90100,29.53,D
招商银行,14:55:10,17.08,313800,17.08,D
钢构工程,14:55:10,21.16,218818,21.15,U
华光股份,14:55:10,17.2,92000,17.25,D
菲达环保,14:55:10,19.0,343508,18.99,U
节能风电,14:55:10,16.78,199100,16.77,U
金洲管道,14:55:08,18.68,751500,18.68,D
中央商场,14:55:05,11.0,202440,10.9,U
康美药业,14:55:05,17.1,1018200,17.1,D
世荣兆业,14:55:02,13.4,154700,13.4,U
光一科技,14:55:02,44.77,59954,44.77,D
龙建股份,14:55:00,7.38,165100,7.37,U
鄂尔多斯,14:54:55,9.1,112300,9.09,U
千金药业,14:54:55,19.2,123500,19.2,U
济民制药,14:54:55,44.99,110300,44.99,D
长城电工,14:54:50,10.35,164300,10.4,D
新华龙,14:54:45,13.88,206000,13.87,U
时代新材,14:54:40,18.19,117100,18.18,U
科隆精化,14:54:35,58.0,20000,57.88,U
*ST光学,14:54:35,24.0,141503,23.99,U
海泰发展,14:54:35,7.05,1005000,7.06,D
桂冠电力,14:54:35,7.66,354802,7.68,D
申能股份,14:54:35,7.53,834592,7.51,U
东安动力,14:54:30,10.44,152710,10.44,U
荣盛石化,14:54:29,13.28,94100,13.31,D
特变电工,14:54:24,11.76,413648,11.78,D
澳柯玛,14:54:19,8.81,182400,8.79,U
国电南瑞,14:54:19,15.44,526600,15.43,U
小天鹅Ａ,14:54:14,22.6,50300,22.59,U
片仔癀,14:54:14,59.99,40500,60.0,E
大连热电,14:54:04,8.0,307000,7.98,U
金隅股份,14:54:04,10.15,264060,10.14,U
国药股份,14:53:59,34.58,53406,34.57,U
首商股份,14:53:59,10.75,99000,10.7,U
浪潮软件,14:53:59,46.02,311068,46.0,U
安阳钢铁,14:53:49,3.09,383900,3.09,U
广电电气,14:53:49,8.37,532600,8.41,D
宋都股份,14:53:44,8.4,209000,8.39,U
中金黄金,14:53:39,10.17,488168,10.16,U
武钢股份,14:53:34,3.54,450000,3.54,U
北方股份,14:53:29,45.0,57300,44.99,U
贵州茅台,14:53:29,215.79,20957,215.88,D
海南航空,14:53:24,3.91,535400,3.91,D
中国太保,14:53:24,27.78,155700,27.82,D
星湖科技,14:53:19,8.72,200500,8.69,U
华虹计通,14:53:17,19.97,73400,19.95,U
华润双鹤,14:53:09,23.18,101600,23.17,U
雅戈尔,14:53:04,16.2,981864,16.15,U
亚星客车,14:53:04,14.26,77000,14.27,D
祁连山,14:53:04,8.68,181800,8.73,D
*ST蒙发,14:53:02,11.26,104600,11.26,D
新华医疗,14:52:59,38.8,50902,38.72,U
神马股份,14:52:59,9.38,140100,9.38,D
恒通股份,14:52:59,39.96,39700,39.92,U
苏试试验,14:52:56,88.3,24900,88.93,D
老白干酒,14:52:54,56.65,17710,56.65,U
山西焦化,14:52:54,6.07,156300,6.07,D
明星电缆,14:52:54,9.05,110800,9.07,D
友邦吊顶,14:52:47,62.59,26400,62.59,D
中电远达,14:52:44,22.3,304876,22.37,D
广东明珠,14:52:39,17.37,140300,17.45,D
老百姓,14:52:39,72.98,57000,72.98,D
东方明珠,14:52:34,37.07,311496,37.07,U
兄弟科技,14:52:31,31.15,93300,31.15,D
天通股份,14:52:29,14.89,309600,14.87,U
五洋科技,14:52:25,74.69,37651,74.69,D
综艺股份,14:52:24,16.5,707000,16.57,D
宁波海运,14:52:24,6.97,209424,6.96,U
维格娜丝,14:52:24,34.56,45900,34.59,D
西南证券,14:52:19,10.1,1050296,10.1,D
春兰股份,14:52:19,8.2,381200,8.2,U
金瑞科技,14:52:14,15.63,300000,15.64,D
轻纺城,14:52:14,8.4,333082,8.4,U
福斯特,14:52:14,46.3,32000,46.29,U
穗恒运Ａ,14:52:10,10.52,86400,10.54,D
京城股份,14:52:09,12.24,301100,12.2,U
交通银行,14:52:09,6.56,675104,6.57,D
中信重工,14:51:59,7.36,245600,7.35,U
东方网力,14:51:58,80.0,45450,80.0,U
航天电子,14:51:54,17.8,303000,17.8,U
重庆钢铁,14:51:54,3.31,834512,3.32,D
海南高速,14:51:49,7.35,214200,7.35,U
钱江水利,14:51:49,21.13,359600,21.0,U
中葡股份,14:51:44,8.18,174300,8.19,D
哈药股份,14:51:44,12.25,151800,12.24,U
兰花科创,14:51:39,7.7,374800,7.74,D
康缘药业,14:51:39,24.19,59800,24.16,U
陆家嘴,14:51:34,46.8,50200,46.75,U
中国电建,14:51:34,8.23,338100,8.24,D
广信股份,14:51:34,58.03,43550,58.0,U
阳光照明,14:51:29,8.05,401000,8.01,U
赛轮金宇,14:51:29,8.03,563000,8.02,U
和邦生物,14:51:29,7.22,362528,7.22,U
火炬电子,14:51:29,83.0,20100,83.01,D
中珠控股,14:51:24,24.72,101000,24.73,E
百隆东方,14:51:24,8.09,224000,8.06,U
华电国际,14:51:19,6.89,244000,6.9,D
国机汽车,14:51:19,20.28,129388,20.25,U
北巴传媒,14:51:14,17.0,217193,16.99,U
江南高纤,14:51:14,6.85,319902,6.84,U
交运股份,14:51:14,13.38,110100,13.38,U
金通灵,14:51:13,35.0,52950,34.99,U
兴业科技,14:51:04,18.0,80900,18.0,U
山东钢铁,14:50:59,3.17,381096,3.18,D
中新药业,14:50:59,21.97,102200,21.98,D
南京化纤,14:50:59,14.64,151000,14.64,D
四方股份,14:50:59,13.9,97300,13.88,U
宝钢股份,14:50:54,5.63,400696,5.63,U
青岛啤酒,14:50:48,31.79,35427,31.79,D
中国铝业,14:50:48,5.13,1007000,5.12,U
伟明环保,14:50:48,54.89,33162,54.88,U
大东海A,14:50:43,17.5,79700,17.52,D
维维股份,14:50:43,6.52,400664,6.52,U
抚顺特钢,14:50:38,9.25,204500,9.24,U
中国国航,14:50:38,8.55,649300,8.54,U
得利斯,14:50:37,16.49,111400,16.49,D
福建高速,14:50:33,4.05,494600,4.06,D
皖江物流,14:50:33,6.93,419900,6.9,U
科远股份,14:50:31,36.96,31500,36.96,D
西部建设,14:50:28,17.8,79800,17.79,U
中水渔业,14:50:13,12.68,100000,12.64,U
宁沪高速,14:50:13,8.75,106000,8.76,D
中海油服,14:50:13,16.09,250000,16.11,D
强生控股,14:50:08,15.25,183428,15.26,D
同济科技,14:50:08,12.73,212104,12.73,D
北辰实业,14:50:08,5.45,236800,5.45,U
郑煤机,14:50:08,7.41,554296,7.41,U
禾丰牧业,14:50:08,13.42,119700,13.41,U
易世达,14:49:58,30.95,49400,30.98,D
长春经开,14:49:56,10.75,181178,10.7,U
招商轮船,14:49:56,7.41,601096,7.4,U
海澜之家,14:49:41,14.4,120100,14.38,U
鞍重股份,14:49:37,84.48,532400,84.46,D
梅雁吉祥,14:49:36,6.98,1071472,6.98,D
亚星化学,14:49:20,10.43,217900,10.42,E
艾派克,14:49:19,45.92,26300,45.91,U
华神集团,14:49:10,16.35,148300,16.34,U
首开股份,14:49:10,13.25,488912,13.31,D
福耀玻璃,14:49:00,15.38,110731,15.36,U
凯马Ｂ,14:49:00,1.315,100000,1.317,D
金发科技,14:48:50,8.32,278900,8.31,U
中天科技,14:48:45,25.0,632160,24.94,U
艾华集团,14:48:45,38.1,93200,38.06,U
光大银行,14:48:35,4.26,1011392,4.26,D
内蒙华电,14:48:30,4.62,382100,4.62,D
亨通光电,14:48:25,16.03,701488,16.03,D
宏发股份,14:48:25,32.13,62300,32.1,U
陕西煤业,14:48:25,4.94,376400,4.95,D
涪陵榨菜,14:48:22,18.9,55000,18.9,D
宝信软件,14:48:20,65.5,44300,65.45,U
桂林三金,14:48:16,22.98,71700,22.96,U
中技控股,14:48:05,22.46,372200,22.45,U
康跃科技,14:48:01,22.84,72400,22.85,D
新通联,14:47:50,57.71,33130,57.66,U
安控科技,14:47:43,19.38,50000,19.39,D
华能国际,14:47:40,8.81,160400,8.8,U
九洲药业,14:47:35,70.0,21400,70.0,U
国新能源,14:47:30,15.85,96020,15.88,D
金龙汽车,14:47:25,18.63,47500,18.61,U
北方稀土,14:47:20,14.35,434504,14.37,D
招商证券,14:47:20,23.03,364176,23.0,U
中恒集团,14:47:15,8.0,1287040,7.97,U
华泰股份,14:47:15,5.76,480400,5.76,D
长春燃气,14:47:15,8.42,238700,8.4,U
中国巨石,14:47:05,26.02,200000,25.95,U
西水股份,14:47:05,31.43,130360,31.4,U
龙元建设,14:47:05,9.97,300000,9.97,D
海兰信,14:47:01,42.91,198000,42.91,D
运盛医疗,14:46:55,20.3,604800,20.3,D
圣农发展,14:46:52,21.02,103400,21.06,D
君正集团,14:46:50,11.88,708900,11.88,U
景峰医药,14:46:40,17.29,44000,17.3,D
广汇能源,14:46:40,6.66,525100,6.65,U
康恩贝,14:46:40,13.41,217210,13.39,U
工商银行,14:46:30,4.62,1000400,4.62,U
珍宝岛,14:46:30,55.13,31000,55.12,U
雷鸣科化,14:46:10,13.65,140700,13.62,U
华侨城Ａ,14:45:52,9.28,370000,9.28,D
雷科防务,14:45:46,56.43,57000,56.43,U
新钢股份,14:45:40,5.61,146300,5.64,D
粤电力Ｂ,14:45:31,5.17,107400,5.17,U
绿地控股,14:45:05,17.85,202000,17.92,D
四川路桥,14:45:00,5.07,800600,5.07,U
豪迈科技,14:44:58,22.58,80300,22.52,U
上海新阳,14:44:49,45.35,101339,45.25,U
迈克生物,14:44:49,114.3,29400,114.2,U
福田汽车,14:44:45,6.42,644008,6.41,U
济川药业,14:44:35,26.69,110200,26.7,D
恒立油缸,14:44:35,16.18,78400,16.15,U
科斯伍德,14:44:31,16.62,122501,16.62,D
铁龙物流,14:44:14,9.25,364800,9.24,U
江淮汽车,14:44:14,14.87,265200,14.87,U
益丰药房,14:44:14,43.48,32000,43.5,D
兴发集团,14:44:09,14.88,167700,14.87,U
大东方,14:44:04,9.9,132561,9.87,U
好莱客,14:43:59,33.39,50000,33.25,U
万  科Ａ,14:43:58,22.21,1709872,22.21,D
包钢股份,14:43:54,3.76,1010208,3.76,D
南大光电,14:43:43,37.43,96020,37.43,U
爱普股份,14:43:34,64.0,36300,63.95,U
纽威股份,14:43:34,21.34,45900,21.35,D
罗普斯金,14:43:31,21.4,100600,21.27,U
金发拉比,14:43:22,70.56,20000,71.29,D
中国一重,14:43:19,8.39,521400,8.38,U
浙江龙盛,14:43:14,12.49,485600,12.5,D
正泰电器,14:42:54,25.63,95670,25.66,D
上海梅林,14:42:49,12.85,140109,12.84,U
六国化工,14:42:49,10.73,412440,10.73,U
长青集团,14:42:49,26.49,32550,26.45,U
万润股份,14:42:34,40.15,50627,40.15,D
华电Ｂ股,14:42:29,0.59,171410,0.593,D
中国国旅,14:42:19,56.91,46100,56.95,D
西藏天路,14:41:44,11.35,154700,11.35,U
再升科技,14:41:44,39.2,40000,39.21,D
万马股份,14:41:43,31.32,325896,31.32,D
太龙药业,14:41:29,8.89,305800,8.89,D
歌华有线,14:41:19,22.7,220074,22.75,D
深康佳Ｂ,14:41:04,4.24,94500,4.24,U
和晶科技,14:40:55,49.75,48573,49.6,U
北京城乡,14:40:54,19.3,79100,19.3,U
三一重工,14:40:49,6.58,414104,6.57,U
三毛B股,14:40:49,1.83,250200,1.82,U
瑞茂通,14:40:39,25.2,150363,25.3,D
太极实业,14:40:39,10.94,600400,10.9,U
上海三毛,14:40:39,22.64,233400,22.64,D
益民集团,14:40:34,8.4,296740,8.39,U
恒源煤电,14:40:14,6.25,130072,6.25,D
金海环境,14:40:14,31.28,49700,31.28,U
中航重机,14:39:49,20.49,145600,20.44,U
江山股份,14:39:44,25.44,117200,25.34,U
山东药玻,14:39:44,19.0,69300,18.98,U
新华传媒,14:39:44,12.05,247700,11.98,U
上工申贝,14:39:44,15.58,192300,15.49,U
南通科技,14:39:44,20.92,146200,20.92,U
富瑞特装,14:39:43,31.19,115100,31.19,D
中文传媒,14:39:39,25.86,115800,25.68,U
湖南天雁,14:39:39,7.6,396900,7.53,U
上海机电,14:39:39,29.69,100400,29.56,U
雪浪环境,14:39:28,45.5,37413,45.48,U
津劝业,14:39:24,10.12,215700,10.12,U
深中华B,14:39:22,6.84,107100,6.83,U
东旭B,14:39:10,6.02,78000,6.03,D
百大集团,14:39:08,19.33,176432,19.16,U
粤宏远Ａ,14:39:07,7.13,200000,7.12,U
吉视传媒,14:38:58,6.47,423904,6.46,U
南方汇通,14:38:55,23.8,160000,23.72,U
双钱股份,14:38:45,19.12,100000,19.17,D
航民股份,14:38:35,12.51,85510,12.5,U
金石东方,14:38:19,74.13,48800,74.13,D
中青旅,14:38:15,23.06,257472,23.03,U
精达股份,14:38:15,6.58,311300,6.57,U
中国建筑,14:38:10,6.5,1113696,6.49,U
华纺股份,14:38:05,9.72,301900,9.72,D
新疆城建,14:38:05,11.59,182100,11.6,D
浙大网新,14:38:05,14.3,345500,14.27,U
上海临港,14:38:05,23.28,80400,23.27,E
张江高科,14:38:00,30.03,742208,29.99,U
洲明科技,14:37:55,40.02,182100,40.02,U
昆药集团,14:37:50,35.19,150200,35.3,D
东莞控股,14:37:49,12.38,100000,12.36,U
纳川股份,14:37:46,15.66,162000,15.75,D
厚普股份,14:37:46,86.7,47200,86.7,D
华建集团,14:37:30,26.5,79200,26.44,U
一汽富维,14:37:30,28.7,150000,28.67,U
玉龙股份,14:37:30,8.65,193300,8.65,U
力星股份,14:37:07,40.0,48300,39.97,U
博闻科技,14:37:05,17.0,90000,16.97,U
中材国际,14:37:05,11.84,225500,11.82,U
桐昆股份,14:37:00,13.6,137108,13.6,U
上海家化,14:36:50,38.6,180530,38.7,D
*ST秦岭,14:36:45,9.42,195600,9.41,U
中信银行,14:36:45,7.46,866360,7.44,U
晨光生物,14:36:40,20.5,79600,20.46,U
广东鸿图,14:36:34,28.3,91800,28.32,D
西安旅游,14:36:13,14.73,69000,14.72,U
五洲交通,14:35:54,6.43,218800,6.42,U
上海电气,14:35:49,12.62,705200,12.62,D
晨光文具,14:35:39,38.98,41200,39.0,D
东方网络,14:35:34,72.14,733308,72.14,D
开尔新材,14:35:22,23.0,100000,23.0,U
浪莎股份,14:35:19,41.1,56900,41.1,U
天药股份,14:35:19,7.37,367700,7.35,U
嘉宝集团,14:35:14,17.6,165000,17.6,D
一拖股份,14:35:14,13.9,201300,13.8,U
中国中车,14:35:14,13.05,515296,13.05,U
中国船舶,14:35:09,35.83,300700,35.83,U
鹏博士,14:34:49,24.0,428624,24.03,D
森远股份,14:34:37,18.0,47700,17.91,U
安利股份,14:34:37,16.5,51400,16.4,U
金地集团,14:34:34,13.98,573600,13.95,U
中国平安,14:34:34,35.47,332300,35.47,U
新华保险,14:34:34,51.45,228304,51.46,D
中国人寿,14:34:34,28.71,410200,28.71,D
宁夏建材,14:34:14,11.74,299999,11.76,D
通宝能源,14:34:14,7.0,300000,7.02,D
尤洛卡,14:34:13,25.31,71629,25.41,D
两面针,14:34:04,8.83,331076,8.79,U
攀钢钒钛,14:33:46,3.49,910000,3.49,D
新黄浦,14:33:34,13.88,100000,13.9,D
金利科技,14:33:16,78.2,57500,78.19,U
北大医药,14:33:10,14.66,80200,14.71,D
健民集团,14:33:09,33.9,73600,33.85,U
大商股份,14:33:04,56.42,261046,56.42,D
中国石化,14:32:43,5.0,2815088,5.01,D
大连控股,14:32:33,7.03,583500,7.03,U
游久游戏,14:32:23,25.5,512100,25.45,U
莱美药业,14:32:21,36.31,64600,36.31,D
金宇集团,14:31:48,33.8,56100,33.83,D
渤海轮渡,14:31:48,12.31,207400,12.37,D
三环集团,14:31:39,36.86,116700,36.9,D
大恒科技,14:31:28,16.94,226000,17.0,D
中威电子,14:31:15,21.5,102200,21.4,U
楚天高速,14:30:58,4.99,193177,4.98,U
皖新传媒,14:29:48,34.49,85990,34.49,U
海螺水泥,14:29:38,16.92,247496,16.92,U
三联虹普,14:29:30,88.44,86499,88.44,D
上海普天,14:29:28,54.0,110000,54.03,D
东方银星,14:29:23,35.01,196564,35.63,D
天兴仪表,14:29:06,37.01,129600,37.01,U
华胜天成,14:28:57,26.02,543492,25.97,U
上港集团,14:28:22,6.79,200300,6.8,D
开创国际,14:27:57,19.33,92100,19.33,U
良信电器,14:27:48,60.9,30300,61.07,D
初灵信息,14:27:03,92.57,32000,92.57,D
S前锋,14:27:02,40.87,95359,40.91,D
福能股份,14:26:47,17.46,143800,17.45,U
腾达建设,14:26:42,5.42,373700,5.42,U
通程控股,14:26:42,8.99,113200,8.99,D
华联综超,14:26:37,7.69,140000,7.7,D
庞大集团,14:26:32,3.93,1083088,3.94,D
中发科技,14:26:02,26.0,200400,26.2,D
京能置业,14:26:02,9.0,226500,9.0,U
思创医惠,14:26:00,51.88,213500,51.88,D
乐凯胶片,14:25:36,17.15,138000,17.1,U
沧州大化,14:25:36,12.05,102900,12.08,D
京运通,14:25:31,8.6,325600,8.61,D
东方电缆,14:25:21,19.2,63750,19.21,D
象屿股份,14:25:11,13.35,245100,13.32,U
广电网络,14:25:11,16.81,239200,16.82,D
兰州民百,14:24:46,11.15,271000,11.14,U
兰石重装,14:24:41,18.9,165219,18.94,D
豫园商城,14:24:11,16.12,172500,16.11,U
富春通信,14:24:03,49.93,193200,49.94,D
波导股份,14:23:51,12.05,1539952,11.95,U
喜临门,14:23:51,23.66,171620,23.67,D
秋林集团,14:23:41,10.01,115812,10.02,D
万华化学,14:23:16,18.0,107826,18.13,D
广安爱众,14:23:16,7.7,150400,7.7,D
国瓷材料,14:23:12,40.15,36121,40.18,D
中天能源,14:23:01,25.5,198800,25.5,D
中颖电子,14:22:57,33.2,90977,33.35,D
美都能源,14:22:41,6.16,372900,6.16,D
中路股份,14:22:41,59.33,55557,59.44,D
东风科技,14:22:31,18.11,80600,18.17,D
中衡设计,14:22:31,50.0,26200,50.17,D
*ST中富,14:22:30,5.6,800000,5.64,D
美尔雅,14:22:26,18.08,100000,18.12,D
升华拜克,14:22:21,10.9,510040,10.93,D
永利股份,14:22:15,36.73,50100,36.73,D
中原高速,14:22:10,6.55,446516,6.56,D
民丰特纸,14:21:50,11.99,145000,11.99,U
天津磁卡,14:21:50,9.38,268080,9.39,D
海南橡胶,14:21:45,7.67,414800,7.67,U
西山煤电,14:21:33,5.95,679300,5.98,D
欧亚集团,14:21:30,37.0,86600,37.09,D
永创智能,14:21:25,31.0,39300,31.07,D
浙江鼎力,14:21:15,52.6,24000,52.66,D
皖维高新,14:21:10,6.27,637000,6.26,U
深大通,14:21:00,59.33,192700,59.32,U
新湖中宝,14:21:00,5.0,512800,4.99,U
新华锦,14:20:45,26.03,320400,26.05,D
东华测试,14:20:42,44.0,49685,43.66,U
上海建工,14:20:35,7.34,275396,7.34,D
方盛制药,14:20:35,48.83,42800,48.87,D
*ST安泰,14:20:30,5.37,455100,5.36,U
中船防务,14:20:25,36.78,50300,36.78,U
春秋航空,14:20:20,62.3,40500,62.18,U
天富能源,14:20:15,9.66,175000,9.67,D
*ST银鸽,14:19:55,5.16,323198,5.17,D
青鸟华光,14:19:50,11.15,150000,11.11,U
中储股份,14:19:50,10.4,176176,10.4,D
澳洋顺昌,14:19:42,10.8,1056296,10.8,U
岳阳林纸,14:19:40,8.63,272500,8.63,U
外高桥,14:19:25,26.0,83300,26.04,D
联美控股,14:19:20,20.35,62100,20.34,U
山煤国际,14:19:20,4.58,399490,4.58,D
高乐股份,14:19:15,18.1,206000,18.15,D
国统股份,14:18:57,34.35,62300,34.36,D
岷江水电,14:18:50,10.1,374700,10.14,D
出版传媒,14:18:50,13.38,119636,13.37,U
方大集团,14:18:36,11.22,172500,11.23,D
生益科技,14:18:29,9.85,519200,9.88,D
今世缘,14:18:19,33.76,48000,33.76,D
易事特,14:18:18,50.22,40000,50.22,D
长城汽车,14:18:09,12.19,345900,12.19,U
金健米业,14:17:54,7.3,206900,7.36,D
洋河股份,14:17:42,65.13,60100,65.13,D
浙江广厦,14:17:39,8.47,407100,8.48,D
三峡新材,14:17:39,12.76,202000,12.73,U
八一钢铁,14:17:39,8.6,211700,8.56,U
兖州煤业,14:17:29,9.71,127864,9.73,D
保利地产,14:17:24,11.52,902112,11.52,D
京东方Ｂ,14:17:21,2.36,504980,2.37,D
南兴装备,14:17:18,54.86,36600,54.59,U
江河创建,14:17:09,13.8,169500,13.79,U
大众交通,14:17:04,15.1,204400,15.1,D
光大证券,14:17:04,24.62,502904,24.63,D
鲍斯股份,14:16:33,53.33,54850,53.33,D
工大高新,14:15:54,26.87,184381,26.86,U
*ST皇台,14:15:09,13.75,134900,13.76,D
达刚路机,14:15:09,25.05,99000,25.11,D
龙马环卫,14:14:33,38.33,41000,38.59,D
置信电气,14:14:23,13.11,289312,13.11,D
盛屯矿业,14:13:45,8.14,611248,8.17,D
智云股份,14:13:30,45.96,50000,45.74,U
奥瑞金,14:13:09,28.01,80100,28.01,U
中毅达,14:13:05,13.72,100200,13.72,D
古越龙山,14:12:45,10.92,117800,10.89,U
腾龙股份,14:12:45,60.9,21500,60.95,D
慧球科技,14:12:35,27.5,197300,27.47,U
商赢环球,14:12:30,33.23,136800,33.21,U
跨境通,14:12:09,34.61,100000,34.65,D
东阳光科,14:12:05,10.3,705500,10.3,D
开开实业,14:12:00,18.04,77095,18.09,D
健盛集团,14:12:00,23.5,60925,23.48,U
白云机场,14:11:15,14.29,202100,14.26,U
中国中铁,14:11:15,11.28,580672,11.26,U
汉钟精机,14:10:56,22.88,50000,22.86,U
诺 普 信,14:10:35,18.55,100000,18.55,D
中国医药,14:10:30,15.99,110500,15.99,U
深高速,14:10:25,9.07,311153,9.07,D
复旦复华,14:10:25,17.65,203602,17.63,U
华联矿业,14:10:25,10.51,169500,10.49,U
中国汽研,14:10:25,9.32,116900,9.3,U
*ST金化,14:10:00,7.16,250000,7.14,U
长江电力,14:10:00,13.82,524480,13.82,D
柏堡龙,14:09:50,68.6,30600,68.53,U
宁波富达,14:09:40,6.96,166200,6.94,U
海南矿业,14:09:40,14.22,66900,14.21,U
广汽集团,14:09:25,22.46,41654,22.46,D
联创光电,14:09:05,21.19,291000,21.16,U
祥龙电业,14:08:55,13.52,82190,13.55,D
立霸股份,14:08:55,55.9,28100,55.93,E
银龙股份,14:08:40,18.35,57700,18.35,U
天津松江,14:08:05,7.4,249995,7.37,U
汇鸿集团,14:08:05,13.82,399904,13.82,D
贵绳股份,14:07:35,14.41,200000,14.5,D
复星医药,14:07:20,24.09,225800,24.13,D
王府井,14:07:04,26.7,134700,26.64,U
五矿发展,14:06:59,26.35,250912,26.34,U
江苏舜天,14:06:59,12.36,270190,12.32,U
大西洋,14:06:59,8.35,324794,8.36,D
隆基机械,14:06:53,19.91,62800,19.91,D
特  力Ｂ,14:06:50,17.0,49992,16.95,U
皇庭B,14:06:44,11.9,54910,11.9,D
东风股份,14:06:26,16.78,117400,16.75,U
博威合金,14:06:21,25.2,69200,25.2,U
北京银行,14:06:21,10.1,1000000,10.1,U
老凤祥,14:06:11,44.0,53200,43.98,U
青山纸业,14:05:46,7.54,412200,7.54,U
华锐风电,14:05:11,4.06,446688,4.06,D
顺威股份,14:04:50,49.06,50000,49.0,U
西部矿业,14:04:46,7.51,748908,7.48,U
万业企业,14:04:15,18.1,505852,18.1,U
双良节能,14:04:10,9.76,221400,9.75,E
江铃汽车,14:03:41,31.08,31700,31.05,U
吉祥航空,14:03:40,72.4,37732,72.5,D
中来股份,14:03:26,61.5,100000,60.71,U
天成自控,14:02:40,50.05,61600,49.99,U
南钢股份,14:02:35,3.22,424500,3.22,U
长亮科技,14:02:05,79.32,87700,79.3,U
华夏幸福,14:01:25,32.0,208600,31.99,U
神州长城,14:00:29,39.62,43000,39.62,U
亚宝药业,13:59:49,15.12,173000,15.17,D
厦门钨业,13:59:49,19.35,197552,19.4,D
冠农股份,13:59:19,11.6,308600,11.59,U
宝胜股份,13:59:14,16.7,124300,16.69,U
新安股份,13:59:09,10.85,243740,10.82,U
广深铁路,13:58:49,5.14,610200,5.14,U
大连圣亚,13:58:04,47.57,86257,47.4,U
法拉电子,13:57:59,43.0,106400,43.06,D
中国嘉陵,13:57:49,9.51,305600,9.5,U
歌力思,13:57:29,52.5,36900,52.38,U
浦东金桥,13:57:04,22.7,151500,22.77,D
运达科技,13:56:56,91.5,25400,91.1,U
洪城水业,13:56:53,15.6,219406,15.57,U
三江购物,13:56:33,12.26,110000,12.21,U
通化东宝,13:56:18,25.9,88658,25.95,D
新农开发,13:55:18,13.0,150000,13.1,D
设计股份,13:54:48,80.0,32100,79.96,U
天保重装,13:54:44,50.0,49000,49.9,U
重庆水务,13:54:43,9.14,153800,9.15,D
香江控股,13:54:28,9.87,876676,9.87,D
东百集团,13:54:28,12.6,102100,12.6,D
百利电气,13:53:48,16.29,91200,16.26,U
隆鑫通用,13:53:48,23.79,201600,23.82,D
金种子酒,13:53:28,9.38,219623,9.38,D
锦江股份,13:53:22,50.12,110100,50.11,U
滨海能源,13:52:32,23.1,113988,23.1,D
中国国贸,13:52:17,17.51,90000,17.5,U
宁波精达,13:52:17,52.16,20500,52.15,U
龙江交通,13:52:07,4.85,150000,4.86,D
仪电Ｂ股,13:51:42,0.848,212077,0.85,D
紫江企业,13:51:27,8.78,1961096,8.75,U
西昌电力,13:51:27,10.82,110667,10.85,D
华微电子,13:51:12,10.74,345400,10.72,U
鼎立股份,13:51:02,12.29,515100,12.28,E
啤酒花,13:50:57,19.37,145500,19.43,D
北玻股份,13:50:49,8.48,548200,8.48,D
郴电国际,13:50:32,18.56,139700,18.54,U
合锻股份,13:50:32,27.5,109350,27.48,U
泰亚股份,13:50:22,56.1,39900,56.35,D
洽洽食品,13:49:37,18.6,143945,18.53,U
东方创业,13:49:31,17.3,79700,17.33,D
红相电力,13:49:19,78.0,20600,78.0,D
西部资源,13:49:11,17.0,294800,17.04,D
益生股份,13:48:49,36.6,40400,36.7,D
桂东电力,13:48:31,9.9,181910,9.9,D
万鸿集团,13:48:31,13.69,167900,13.71,E
第一医药,13:48:31,19.18,101800,19.19,D
杉杉股份,13:48:21,34.0,119200,34.04,D
安信信托,13:48:11,19.25,303322,19.27,D
燕京啤酒,13:47:34,8.08,301300,8.12,D
台海核电,13:47:25,65.0,40000,65.31,D
晋西车轴,13:47:01,10.58,204600,10.58,D
鑫科材料,13:46:28,5.8,421000,5.8,D
雷柏科技,13:46:25,56.41,36000,56.41,D
弘业股份,13:46:18,15.1,111300,15.17,D
蓝丰生化,13:45:46,18.5,142100,18.5,D
开滦股份,13:45:38,5.44,168757,5.44,D
星河生物,13:45:37,27.93,60000,27.93,D
瀚蓝环境,13:45:18,15.62,194717,15.61,U
蓝科高新,13:45:08,13.91,117800,13.99,D
西藏城投,13:45:03,19.97,262900,20.02,D
*ST闽能,13:44:28,7.04,146200,7.03,U
大智慧,13:44:23,13.6,318368,13.66,D
黄海机械,13:44:19,44.2,40000,44.19,U
九 芝 堂,13:43:37,29.0,60800,29.0,U
凤竹纺织,13:43:13,16.49,170400,16.49,U
金山Ｂ股,13:43:13,1.08,94800,1.075,U
江南嘉捷,13:43:03,17.1,188700,17.12,D
金山开发,13:42:58,19.0,174500,18.99,U
大豪科技,13:42:48,42.5,41000,42.5,U
宏昌电子,13:42:13,12.6,225800,12.58,U
建摩B,13:42:01,16.35,53125,16.2,U
号百控股,13:41:02,21.45,97840,21.49,D
方大特钢,13:40:32,6.24,201900,6.25,D
安科生物,13:40:28,40.2,55400,40.18,U
时代出版,13:39:42,25.0,144763,24.94,U
联明股份,13:39:17,59.89,82000,59.0,U
金陵饭店,13:38:32,15.89,103600,15.89,D
大湖股份,13:37:37,14.25,342800,14.3,D
宁波联合,13:37:32,12.55,176101,12.5,U
永安药业,13:37:25,20.69,98042,20.7,D
华鹏飞,13:37:19,38.46,71200,38.46,D
*ST水井,13:36:51,13.2,73600,13.24,D
红阳能源,13:36:21,13.25,79194,13.29,D
华中数控,13:36:16,34.61,44800,34.61,D
爱建集团,13:36:16,15.09,723800,15.11,D
创力集团,13:36:16,26.3,100368,26.21,U
溢多利,13:35:58,58.81,30400,58.82,D
申通地铁,13:35:31,17.8,150800,17.71,U
潞安环能,13:35:26,6.51,314700,6.51,D
物产中大,13:35:06,19.25,302200,19.3,D
江西铜业,13:34:26,16.8,522032,16.77,U
大杨创世,13:34:21,23.8,100000,23.68,U
成发科技,13:34:21,52.2,136614,52.2,U
银润投资,13:34:01,77.69,20000,77.69,U
华银电力,13:34:01,8.71,197500,8.72,D
恒瑞医药,13:33:01,49.7,53598,49.76,D
天坛生物,13:32:56,30.8,65136,30.78,U
巨化股份,13:32:31,22.18,305060,22.18,U
北方导航,13:32:31,30.41,158000,30.41,U
科力远,13:32:31,23.35,209700,23.3,U
国投新集,13:32:31,9.9,466100,9.9,U
杭州解百,13:32:17,11.25,143400,11.25,D
绿庭投资,13:32:12,13.8,124600,13.85,D
石大胜华,13:32:07,42.25,173976,42.24,D
长春高新,13:32:00,123.0,28107,122.94,U
宁波高发,13:31:47,39.87,43800,39.95,D
国投电力,13:31:26,8.72,656696,8.71,U
贵航股份,13:31:21,21.85,77000,21.83,U
盘江股份,13:30:56,8.9,449400,8.88,U
奥普光电,13:30:51,75.73,15100,75.7,U
德奥通航,13:30:42,47.0,71200,46.98,U
安源煤业,13:30:41,5.9,353000,5.89,U
华新水泥,13:29:51,8.15,287100,8.16,E
上海九百,13:29:51,15.09,206600,15.06,U
华铁科技,13:29:51,40.36,89900,40.5,D
东睦股份,13:29:26,16.8,210800,16.76,U
科士达,13:29:24,36.45,51000,36.45,D
S佳通,13:29:11,18.8,68650,18.84,D
好当家,13:28:56,8.8,386216,8.8,D
华北制药,13:28:46,8.8,940460,8.75,U
华鼎股份,13:28:36,9.75,253640,9.74,U
风神股份,13:28:31,16.8,90000,16.81,D
沱牌舍得,13:28:06,17.76,96300,17.76,D
天海B,13:28:06,0.639,174600,0.639,D
会稽山,13:27:50,13.88,79100,13.9,D
国旅联合,13:27:10,18.23,402200,18.23,D
安彩高科,13:27:00,14.31,216600,14.32,D
羚锐制药,13:27:00,12.34,202000,12.33,U
盛和资源,13:26:50,13.61,301000,13.62,E
柳化股份,13:26:50,7.86,230400,7.83,U
凌云股份,13:26:50,18.05,109161,17.97,U
上海医药,13:26:25,19.09,130400,19.05,U
香溢融通,13:26:05,13.3,255300,13.26,U
马应龙,13:26:00,21.54,113200,21.52,U
健康元,13:25:55,14.65,232924,14.6,U
湘电股份,13:25:40,19.82,370300,19.88,D
仰帆控股,13:25:40,24.12,66200,24.11,U
创兴资源,13:24:45,16.47,456476,16.35,D
联创股份,13:24:09,105.8,15700,105.79,U
永艺股份,13:23:49,81.9,30500,81.5,U
云南城投,13:23:44,7.2,297424,7.18,U
天津港,13:22:34,11.3,201000,11.29,U
华峰超纤,13:22:21,16.0,70300,16.07,D
广济药业,13:22:06,25.41,173924,25.31,D
天士力,13:21:49,38.9,66760,38.96,D
卧龙电气,13:20:38,14.9,203890,14.99,D
丽鹏股份,13:20:27,17.79,53360,17.77,U
朗玛信息,13:20:09,58.82,45200,58.82,D
新开源,13:20:00,78.4,24310,78.3,U
天邦股份,13:19:39,25.87,54900,25.88,D
*ST星美,13:19:09,22.35,440910,22.26,U
长春一东,13:19:03,27.2,49200,27.19,U
道氏技术,13:18:15,54.03,42700,53.95,U
酒钢宏兴,13:18:13,4.08,1105504,4.08,D
百联Ｂ股,13:18:03,1.879,51800,1.881,D
老板电器,13:17:54,41.1,44076,41.07,U
东方通,13:17:54,131.5,30100,131.5,D
新朋股份,13:17:51,12.78,149886,12.75,U
森源电气,13:17:45,19.04,79800,19.04,D
天利高新,13:17:17,7.9,261000,7.89,U
正邦科技,13:16:27,20.6,80000,20.57,U
建研集团,13:16:06,17.8,69700,17.83,D
雪峰科技,13:15:42,33.0,381200,32.99,U
松发股份,13:15:42,61.0,43100,61.6,D
新南洋,13:15:02,41.15,60400,41.14,U
山鹰纸业,13:14:27,3.75,486896,3.75,U
中炬高新,13:14:27,15.96,310200,15.97,D
华天酒店,13:14:24,9.8,238100,9.78,U
天房发展,13:14:17,5.52,202970,5.53,D
恩华药业,13:13:54,29.5,218300,29.7,D
陕鼓动力,13:13:36,8.68,248400,8.7,D
太原重工,13:13:06,6.03,343400,6.02,U
广州发展,13:12:31,12.7,319000,12.66,U
日出东方,13:12:31,10.4,500000,10.45,D
宝德股份,13:12:18,40.3,49400,40.33,D
动力源,13:11:56,17.68,204704,17.7,D
贵研铂业,13:11:26,22.3,204800,22.2,U
花园生物,13:11:20,27.96,100000,27.96,D
华灿光电,13:10:59,9.79,249676,9.78,D
劲胜精密,13:10:56,44.9,190900,44.6,U
南京银行,13:10:36,17.6,303000,17.59,U
珠江实业,13:10:31,10.0,169300,9.99,U
亿阳信通,13:10:00,18.96,223600,18.97,D
海越股份,13:09:50,18.19,145000,18.21,D
江苏有线,13:09:50,21.98,332500,21.98,U
人民同泰,13:08:30,16.7,81700,16.69,U
*ST沪科,13:08:25,10.5,97300,10.45,U
新世界,13:06:14,16.47,102800,16.47,U
鲁北化工,13:05:44,10.3,293100,10.29,U
平高电气,13:04:54,19.2,138205,19.2,U
宏达股份,13:04:49,8.1,246900,8.1,U
江苏阳光,13:03:54,5.97,991104,5.97,U
天保基建,13:03:23,7.13,272000,7.13,U
中国神华,13:02:18,15.05,347300,15.05,D
ST荣华,13:01:13,7.15,280100,7.11,U
康尼机电,13:01:08,31.01,58400,31.0,U
上汽集团,13:00:43,20.65,209500,20.64,U
振东制药,13:00:08,19.57,100200,19.59,D
吴通控股,13:00:08,46.88,51400,47.1,D
斯莱克,13:00:08,47.88,47400,47.88,D
大名城,13:00:08,11.58,357852,11.56,U
西宁特钢,13:00:08,6.68,670514,6.57,U
海正药业,13:00:08,16.05,243300,15.9,U
金自天正,13:00:08,19.5,195200,19.55,D
恒生电子,13:00:08,67.4,238652,67.3,U
市北高新,13:00:08,41.43,507600,41.4,E
银座股份,13:00:08,10.28,128600,10.28,U
际华集团,13:00:08,12.1,401156,12.07,U
盛洋科技,13:00:08,105.99,103055,104.2,U
继峰股份,13:00:08,28.98,128800,28.97,U
凌云Ｂ股,13:00:08,1.321,111300,1.317,U
三 力 士,13:00:05,22.67,242992,22.67,D
闽灿坤Ｂ,13:00:05,10.03,58000,10.03,U
通光线缆,13:00:05,16.04,202900,16.04,D
温州宏丰,13:00:05,14.32,101700,14.29,U
汇金股份,13:00:05,61.9,101100,61.9,D
浙江东日,13:00:03,16.59,324500,16.49,U
佳都科技,13:00:03,38.66,268626,38.56,U
锦旅Ｂ股,13:00:03,5.191,23200,5.233,D
大名城B,13:00:03,1.095,78691,1.095,D
伊泰Ｂ股,13:00:03,0.749,199756,0.75,D
中  鲁Ｂ,13:00:02,8.99,50400,9.0,D
乐凯新材,13:00:02,120.6,16000,120.49,U
杭齿前进,11:29:37,11.34,144731,11.33,U
中毅达B,11:28:37,0.755,494300,0.75,U
百联股份,11:27:57,18.0,175600,17.96,U
雪人股份,11:27:45,11.5,253800,11.5,D
*ST厦华,11:27:17,8.13,306000,8.08,U
瑞丰光电,11:26:24,16.0,97600,16.06,D
金晶科技,11:25:36,6.7,1120000,6.73,D
鲁信创投,11:25:36,44.8,247700,44.85,D
*ST天化,11:25:00,6.95,139901,6.94,U
东信Ｂ股,11:24:36,0.91,116894,0.912,D
界龙实业,11:24:01,30.63,153700,30.46,U
外运发展,11:23:51,27.9,103700,27.88,U
维科精华,11:23:46,11.64,197700,11.63,U
光明地产,11:23:11,13.0,145300,12.98,U
凌钢股份,11:22:41,6.66,147800,6.65,U
用友网络,11:22:41,31.3,203000,31.31,D
金钼股份,11:21:41,8.36,435834,8.33,U
新日恒力,11:21:21,27.48,325698,27.45,U
炼石有色,11:20:51,28.8,441700,28.78,U
宏达矿业,11:20:51,22.0,255300,21.89,U
晋亿实业,11:20:51,11.7,271400,11.71,D
云天化,11:20:21,13.6,474700,13.56,U
宁波韵升,11:20:06,21.47,189100,21.47,D
氯碱Ｂ股,11:19:36,0.81,110000,0.812,D
粤照明Ｂ,11:17:57,8.06,100000,8.08,D
三峡水利,11:17:46,18.33,69325,18.33,D
金证股份,11:17:31,46.55,538600,46.59,D
东材科技,11:17:21,8.92,192600,8.97,D
航天晨光,11:16:51,25.0,135559,24.97,U
涪陵电力,11:15:51,32.18,73100,32.18,D
汇通能源,11:15:51,23.49,136496,23.37,U
诺力股份,11:15:51,35.45,49500,35.53,D
海信电器,11:14:01,19.76,310000,19.74,U
益佰制药,11:13:06,20.37,382800,20.38,D
九龙山B,11:12:56,0.844,201700,0.852,D
金枫酒业,11:12:25,14.1,530700,14.0,U
外高Ｂ股,11:11:20,2.22,76070,2.214,U
晶方科技,11:10:45,51.62,102000,51.62,D
丹科Ｂ股,11:10:35,0.7,100599,0.698,U
奥瑞德,11:09:40,47.2,250100,47.2,D
法因数控,11:09:23,20.2,56700,20.2,D
*ST海润,11:09:00,2.95,2289200,2.95,D
福鞍股份,11:08:21,51.6,36350,51.7,D
贵人鸟,11:08:21,36.01,56700,36.0,D
金鹰股份,11:07:16,11.75,151000,11.79,D
宝泰隆,11:07:01,9.0,585508,8.97,U
埃斯顿,11:06:41,76.09,30000,76.09,D
西藏药业,11:05:46,39.49,29700,39.51,D
汇丽B,11:05:06,2.06,96600,2.063,D
茂硕电源,11:04:47,16.28,140200,16.28,D
上海贝岭,11:04:30,23.68,410500,23.69,D
黄山旅游,11:04:10,23.46,100100,23.46,U
奥飞动漫,11:02:59,50.6,295600,50.6,D
精锻科技,11:02:41,18.22,107100,18.22,D
仁智油服,11:01:35,14.87,906400,14.87,D
龙星化工,11:00:20,15.09,132200,15.03,U
华贸物流,10:59:49,12.16,181296,12.16,D
海立Ｂ股,10:59:39,0.912,120000,0.907,U
惠而浦,10:59:34,13.44,176506,13.48,D
华新Ｂ股,10:57:53,0.74,102700,0.744,D
骆驼股份,10:57:13,22.1,180500,22.11,D
欧浦智网,10:57:05,41.84,304599,41.84,D
中国高科,10:56:03,18.84,208100,18.84,U
光明乳业,10:55:58,15.39,210700,15.4,D
乔治白,10:55:40,15.7,101500,15.71,D
英特集团,10:55:34,26.5,117900,26.6,D
宝钛股份,10:55:18,21.4,141668,21.41,D
上实发展,10:53:52,13.84,231400,13.87,D
兰太实业,10:53:22,15.93,254400,15.92,U
星光农机,10:53:07,49.65,48200,49.5,U
宁通信Ｂ,10:52:31,11.2,100000,11.26,D
青海春天,10:50:37,21.9,89900,21.93,D
张  裕Ａ,10:49:49,46.0,36092,45.99,U
保变电气,10:49:46,9.18,224000,9.19,D
上工Ｂ股,10:47:36,1.239,84600,1.232,U
振华Ｂ股,10:47:11,0.58,227960,0.58,U
鲁  泰Ｂ,10:46:49,10.81,55700,10.86,D
龙头股份,10:46:35,27.27,172800,27.3,D
京投银泰,10:46:35,12.0,131400,11.99,U
富邦股份,10:46:16,31.6,92800,31.6,D
博腾股份,10:46:07,27.41,116300,27.41,D
*ST国通,10:45:50,23.18,58700,23.17,U
国泰君安,10:45:50,26.18,551300,26.17,D
锦江投资,10:45:35,43.94,320800,43.98,E
华仪电气,10:45:25,15.57,788900,15.57,D
大龙地产,10:45:10,7.0,360100,6.99,U
大众Ｂ股,10:44:25,1.22,94600,1.218,U
大唐电信,10:44:15,23.6,552560,23.52,U
太化股份,10:43:40,7.25,194950,7.24,U
浙报传媒,10:43:40,20.6,510600,20.59,U
东方证券,10:43:35,26.3,352056,26.15,U
鲁商置业,10:43:30,8.09,300100,8.06,U
申达股份,10:43:30,14.75,186300,14.72,U
新城控股,10:42:24,22.95,485400,22.94,U
厦门国贸,10:42:14,8.75,651900,8.73,U
新宁物流,10:42:13,22.19,105500,22.19,D
锦江Ｂ股,10:41:59,3.4,40300,3.4,U
宁波建工,10:41:49,12.25,223400,12.24,U
口子窖,10:41:34,40.0,60000,39.93,U
凤凰股份,10:40:39,9.85,175100,9.87,D
华鑫股份,10:39:59,13.48,131189,13.46,U
天雁B股,10:38:58,0.614,154900,0.611,U
中粮屯河,10:36:38,15.34,619600,15.33,U
东吴证券,10:35:27,16.54,516300,16.52,U
太极集团,10:34:52,21.09,79500,21.06,U
仪电电子,10:34:32,11.7,527303,11.58,U
全筑股份,10:34:02,35.57,60000,35.67,D
金 融 街,10:32:54,12.68,459496,12.68,D
兴业证券,10:32:47,12.61,2063000,12.61,U
白云山,10:32:21,29.81,185181,29.77,U
曙光股份,10:31:56,15.07,563448,15.09,D
天地源,10:30:46,8.24,1161100,8.2,U
*ST川化,10:30:15,10.15,157000,10.15,U
神开股份,10:29:48,19.1,110200,19.09,U
中直股份,10:29:36,55.6,58200,55.46,U
华电重工,10:28:56,12.41,150000,12.43,D
驰宏锌锗,10:27:55,11.1,687216,11.14,D
恒丰纸业,10:27:10,12.73,207000,12.72,U
熊猫金控,10:27:10,36.0,95333,36.2,D
全志科技,10:26:06,100.0,24200,100.66,D
栖霞建设,10:23:49,7.02,80000,7.02,D
烽火通信,10:23:24,28.51,145000,28.15,U
清水源,10:23:09,90.42,22500,90.46,D
九牧王,10:23:04,20.05,103820,20.02,U
天润控股,10:22:39,40.2,91900,40.24,D
长园集团,10:21:28,19.3,166500,19.35,D
财信发展,10:20:57,42.81,430600,42.81,D
航天长峰,10:20:53,36.9,123200,36.94,D
刚泰控股,10:20:48,21.8,150500,21.82,D
航天机电,10:20:38,12.55,181603,12.53,U
林洋电子,10:18:38,40.0,50000,40.0,U
天地科技,10:18:23,7.5,585400,7.47,U
大橡塑,10:18:18,12.4,310130,12.27,U
东华实业,10:16:37,11.75,137200,11.71,U
南方泵业,10:16:35,47.3,42400,47.46,D
万向德农,10:16:22,22.11,105600,22.15,D
信威集团,10:16:02,28.5,744086,28.46,U
南纺股份,10:15:52,16.0,86400,15.99,U
灵康药业,10:15:47,33.93,53800,33.93,D
黄河旋风,10:15:42,25.0,120000,24.78,U
顾地科技,10:15:11,15.3,125100,15.29,U
长白山,10:14:21,22.1,57500,22.1,U
三川股份,10:13:56,24.33,496082,24.31,D
电子城,10:13:51,13.04,92100,13.04,D
依顿电子,10:13:46,31.19,63500,31.17,U
长江投资,10:13:31,20.8,184800,20.77,U
昌九生化,10:13:16,15.0,117600,14.96,U
神奇制药,10:13:11,21.53,51900,21.53,U
九华旅游,10:11:11,50.6,49400,50.57,U
莲花味精,10:10:50,8.82,713700,8.83,D
美克家居,10:10:15,15.6,97700,15.64,D
厦门信达,10:08:29,27.9,229200,27.9,D
海油工程,10:08:25,9.05,556182,9.08,D
海欣股份,10:07:30,14.57,346500,14.58,D
海立股份,10:07:14,15.84,80900,15.84,U
神州信息,10:06:53,45.19,2407050,45.0,D
重庆燃气,10:06:09,13.95,97900,13.94,U
*ST乐电,10:05:49,8.6,160000,8.57,U
明星电力,10:05:39,14.5,605800,14.5,D
延长化建,10:05:34,10.66,200000,10.62,U
*ST建机,10:04:49,10.76,97410,10.76,U
柳州医药,10:01:53,93.0,20000,92.77,U
中孚实业,10:01:23,6.38,667320,6.41,D
深华发Ａ,10:01:14,29.78,183835,29.78,D
福成五丰,10:00:07,15.6,101700,15.64,D
四川金顶,09:59:32,26.0,464300,25.95,U
鹿港科技,09:59:27,26.6,342298,26.7,D
环旭电子,09:58:32,15.01,343500,15.03,D
山东黄金,09:58:27,22.08,528642,22.16,D
紫金矿业,09:57:57,3.6,1213800,3.61,D
西部黄金,09:57:37,22.61,363150,22.71,D
派思股份,09:56:26,57.88,139800,57.6,D
锦投Ｂ股,09:55:16,2.0,80700,1.999,U
广东榕泰,09:55:11,13.15,234880,13.24,D
绿庭B股,09:55:01,0.764,140000,0.762,U
石基信息,09:54:52,123.49,17200,123.49,U
市北B股,09:53:41,1.6,164844,1.596,U
通达股份,09:53:22,51.06,571900,51.06,D
惠泉啤酒,09:53:00,15.69,100000,15.63,U
好利来,09:51:49,73.8,13900,73.7,U
当升科技,09:51:40,38.25,68556,38.25,D
哈空调,09:49:19,13.28,252400,13.26,U
共进股份,09:49:04,54.8,75900,54.7,U
威帝股份,09:48:34,51.87,114400,51.87,D
昆明机床,09:47:09,16.24,224200,16.24,D
郑州煤电,09:46:29,6.81,125900,6.81,U
东方通信,09:45:34,12.5,1060400,12.54,D
亚泰集团,09:44:19,7.26,772463,7.28,D
拓普集团,09:43:29,27.39,613600,27.2,U
科泰电源,09:42:04,22.36,466400,22.26,U
联发股份,09:41:16,17.52,121200,17.59,D
*ST阳化,09:40:33,4.42,1029400,4.41,U
七喜控股,09:40:12,50.15,62000,50.15,D
飞亚达Ａ,09:39:15,16.06,160900,16.06,D
曲江文旅,09:38:28,20.02,62100,20.13,D
真视通,09:38:12,119.48,18100,119.6,D
实达集团,09:38:03,18.5,611599,18.52,U
金盾股份,09:37:48,39.09,36450,39.09,D
华资实业,09:36:58,24.38,180600,24.46,D
引力传媒,09:33:28,67.8,42400,67.6,U
*ST明科,09:32:38,12.56,358900,12.56,U
特 尔 佳,09:32:30,20.6,114361,20.64,D
青岛金王,09:32:27,25.61,201900,25.61,D
豫光金铅,09:32:23,16.91,324643,16.91,D
天宸股份,09:32:13,21.0,388700,21.1,D
方大炭素,09:31:33,13.53,1062725,13.55,D
应流股份,09:31:08,29.88,146600,30.0,D
国投安信,09:30:18,29.55,1152300,29.5,U
永鼎股份,09:30:18,22.65,243740,22.65,D
东湖高新,09:30:18,11.25,302200,11.21,U
中体产业,09:30:18,25.39,720100,25.33,U
全柴动力,09:30:18,13.95,282200,13.95,U
大有能源,09:30:18,6.43,244974,6.42,E
上海石化,09:30:18,6.8,2631100,6.8,U
三安光电,09:30:18,26.17,643100,26.13,U
智慧能源,09:30:18,10.11,669959,10.09,U
新疆众和,09:30:18,8.74,356000,8.7,U
连云港,09:30:18,7.02,608300,6.97,U
太平洋,09:30:18,9.95,1541100,9.96,U
东兴证券,09:30:18,32.68,1529470,32.64,U
三星医疗,09:30:18,15.4,123500,15.35,U
方正证券,09:30:18,10.05,1833800,10.05,D
凤凰传媒,09:30:18,17.47,440200,17.35,U
万盛股份,09:30:18,58.01,43100,57.8,U
金桥信息,09:30:18,79.8,44000,80.04,D
天马精化,09:30:09,11.29,196900,11.29,D
麦趣尔,09:30:06,62.5,285100,62.0,U
*ST松辽,09:30:02,44.99,177600,45.0,D
金花股份,09:25:12,13.88,293100,0.0,E
中江地产,09:25:07,65.71,444750,0.0,E
罗顿发展,09:25:07,15.82,582800,0.0,E
吉恩镍业,09:25:07,13.5,1677400,0.0,E
辽宁成大,09:25:07,21.07,616400,0.0,E
华域汽车,09:25:07,16.85,583300,0.0,E
石化油服,09:25:07,8.61,462200,0.0,E
安记食品,09:25:07,25.76,18000,0.0,E
道森股份,09:25:07,25.41,22500,0.0,E
博敏电子,09:25:07,20.58,19000,0.0,E
北纬通信,09:25:03,24.19,298695,0.0,E
凯龙股份,09:25:03,73.17,14400,0.0,E
宝色股份,09:25:03,21.8,100200,0.0,E
浩丰科技,09:25:03,226.0,43100,0.0,E
